3118 4908
631 426 758 526 (u)

174 647 224 689 sex
248 627 381 688 coronati
403 645 454 687 sex
474 625 590 686 stuieai.
617 628 759 704 Superest

176 749 234 790 uina
249 738 347 789 turma
363 727 497 788 nondum
512 726 679 802 aumandata,
690 745 757 788 eum
836 760 839 768 ,
916 712 919 728 ’

175 849 231 908 qua
249 829 350 890 finitae
365 837 437 889 sunt
451 828 589 900 nationes,
606 840 635 898 et
649 828 757 887 deben-
839 897 841 902 Ι

177 944 226 990 tur
239 931 281 991 ilii
295 949 392 1012 usque
406 928 443 1004 ad
458 947 490 1002 ot
505 930 603 991 martia
625 930 759 1007 ejusdem

118 1058 135 1104 g
175 1032 246 1093 unni
276 1033 349 1091 LXX
377 1031 481 1111 viginti
511 1032 644 1108 quinque
677 1031 756 1092 anille
806 1099 808 1104 ,
916 1085 917 1088 ,

174 1134 385 1217 quadringenti
398 1132 556 1213 nonaginta
567 1132 700 1210 quinque
709 1131 760 1192 no·

175 1237 240 1298 aeni
263 1237 367 1316 uiginti
389 1235 572 1296 stuieronum
595 1245 622 1293 et
643 1244 756 1312 septem

174 1336 289 1398 stuieai.
306 1339 409 1414 itaque
423 1335 487 1414 ejus
503 1337 654 1414 pecinnae,
669 1354 758 1413 quana
808 1411 809 1414 Ἴ

175 1438 344 1518 praedictus
365 1438 481 1498 solutor
502 1436 669 1496 nataaenavit
687 1437 756 1497 huie

120 1562 152 1609 uo
177 1539 435 1620 regianentojuxta
444 1538 608 1617 praedictus
620 1539 759 1611 rationes,

175 1659 291 1702 summa
316 1652 382 1701 est:
405 1640 615 1718 quadringenti
639 1640 759 1718 triginta

177 1744 256 1803 mille
273 1742 435 1821 octingenti
454 1753 484 1802 et
501 1760 608 1801 novena
627 1742 759 1804 coronati
1101 1802 1103 1824 ἶ
1173 1817 1201 1826 Ἴ,

175 1855 205 1906 et
218 1843 337 1924 triginta
355 1852 414 1903 tres
431 1842 538 1901 stuieui
561 1853 590 1902 et
604 1863 654 1902 sex
668 1842 759 1906 oboli.
802 1847 922 1907 nnana
937 1866 996 1908 eor.
1012 1849 1051 1908 55
1072 1853 1107 1905 st.
1117 1848 1142 1928 Ι6
1157 1845 1203 1930 ob.

216 2059 406 2144 Stipendium
416 2063 551 2140 peditum
567 2062 726 2140 inferiori-s·

121 2191 152 2236 45
358 2165 546 2226 Germaniae.

217 2305 424 2385 Reginaentuna
439 2308 554 2366 comitis
576 2309 689 2386 Megani
707 2309 758 2368 iaa-

178 2407 242 2467 buit
256 2407 357 2468 decent
374 2416 496 2467 tut-naus.
516 2409 627 2487 lneepit
642 2427 760 2469 'uieeeue

177 2489 193 2566 n
210 2507 353 2568 februarii
369 2509 440 2567 anni
457 2509 567 2582 LXVii,
583 2509 629 2570 eui
646 2512 759 2589 stipen-

175 2608 220 2669 dia
236 2609 325 2669 soluit
335 2608 413 2668 idem
429 2609 655 2670 Moikenaannus
667 2630 761 2689 usque
864 2645 866 2650 ·

119 2722 151 2769 au
174 2709 210 2768 ad
231 2709 322 2787 ijuiii
343 2710 528 2788 insequentis
550 2724 650 2788 postea
674 2732 760 2790 puae·

174 2811 269 2870 dietus
284 2812 408 2886 solutor,
420 2830 577 2889 quousque
589 2814 644 2872 suit
659 2833 758 2873 arnan-

175 2911 417 2984 dntuan,diveasis
426 2913 593 2973 nationibus
606 2915 739 2975 videlieet
751 2936 757 2975 :

175 3015 280 3074 tonniis
296 3025 362 3073 neto
384 3026 415 3074 et
435 3015 524 3075 statui
546 3020 692 3077 coronalis
706 3037 756 3079 xut

173 3116 275 3192 aprilis
296 3116 366 3176 atini
384 3117 471 3176 tittx
493 3115 608 3178 duabus
627 3139 676 3180 xni
693 3121 761 3180 iaiaii

119 3226 150 3275 ut
173 3216 369 3294 insequentis.
391 3218 472 3296 Ejus,
492 3218 573 3297 quod
590 3222 758 3298 praedictus

173 3318 287 3378 soiutoa
303 3321 471 3380 nannenavit
486 3321 537 3394 iili,
559 3341 672 3381 suuuna
690 3335 758 3384 est:

173 3420 293 3479 ducenti
315 3419 470 3481 duodecim
493 3423 573 3482 mille
594 3427 756 3503 octingenti

173 3504 294 3598 triginta
310 3534 439 3599 quatuor
453 3524 585 3584 coronati
600 3524 755 3588 duodecim

173 3621 290 3696 stuseri,
305 3642 362 3700 qua
383 3625 507 3702 pecunia
528 3645 595 3686 eum
612 3627 754 3704 quadrin-

120 3737 149 3786 aa
172 3724 270 3802 gentis
285 3735 315 3783 et
329 3725 431 3785 decem
448 3729 597 3788 eononatis
611 3740 641 3790 et
655 3730 757 3792 decem

172 3825 305 3900 staineis,
324 3825 432 3904 quibus
452 3830 588 3890 nonnulli
603 3851 638 3890 ex
655 3834 756 3892 miiiti-

172 3926 229 3988 bus
253 3941 283 3988 et
307 3927 434 3990 ducibus
457 3932 619 3993 earundem
641 3943 779 3995 tunna-'
817 3968 819 3971 ·

171 4047 240 4089 uum
269 4028 400 4090 obaerati
439 4044 525 4094 erant
559 4035 690 4113 oppidis,
725 4039 755 4098 in
