3134 4926
603 499 735 600 (⁶⁷)

160 699 235 758 natis
246 699 276 757 in
291 717 422 758 mensem
435 699 556 759 inclusis
570 699 649 760 miiie
666 719 746 759 cono·

160 799 236 859 natis
257 781 377 859 eentum
399 811 429 859 et
454 800 555 860 decem
581 799 744 860 soiidonum

161 903 192 961 in
216 901 347 979 singulos
378 899 421 960 itti
455 901 531 961 datis
557 901 593 962 ad
620 903 750 961 nationes

161 1001 235 1077 ejus,
250 1001 330 1076 quod
345 1003 433 1078 Regia
451 1003 587 1062 Maiestas
603 1003 644 1062 itti
657 1003 750 1062 debe·

163 1102 213 1160 bat
227 1120 264 1161 ex
278 1120 313 1161 eo
330 1110 473 1180 tempore,
487 1122 548 1180 quo
570 1104 601 1163 iu
624 1104 751 1164 statibus
797 1179 799 1183 Α

163 1202 433 1264 Mediolanensibus
445 1205 631 1276 inservierat,
642 1206 678 1266 de
690 1225 750 1283 quo
783 1231 786 1236 ·

163 1303 263 1364 debito
277 1305 404 1363 uelatum
420 1305 476 1365 init
493 1306 529 1366 ad
544 1307 684 1366 officiales
696 1308 748 1366 sti·

165 1403 264 1481 pendii
287 1405 452 1464 eorundem
479 1417 621 1477 statuum,
649 1419 680 1465 nt
704 1408 745 1467 iiii

163 1507 750 1588 adiicerentunmilienongentiquadna·

107 1627 137 1675 to
160 1609 242 1688 ginta
264 1610 397 1668 coronati
422 1627 472 1669 sex
497 1609 603 1670 stuieni
629 1619 659 1669 et
683 1620 750 1670 octo

161 1708 248 1770 oboli.
782 1713 859 1772 tuto
873 1731 934 1774 eor.
950 1715 968 1772 6
982 1723 1020 1776 st.
1035 1718 1053 1775 8
1068 1715 1118 1776 ob.

202 1810 300 1888 Equiti
324 1810 462 1888 Onoiegio
491 1830 507 1870 a
534 1831 542 1871 t
571 1813 749 1891 septembris

162 1912 232 1972 anni
247 1911 342 1970 txvtt
356 1929 451 1986 usque
467 1911 503 1970 ad
523 1913 656 1973 ultimam
670 1925 750 1973 octo·

164 2013 225 2072 buis
248 2010 318 2071 anni
338 2013 465 2084 txvttt‚
481 2032 541 2091 quo
565 2013 621 2074 suit
642 2033 747 2074 amao-

109 2137 138 2184 45
162 2114 258 2184 datus,
282 2111 433 2190 sexaginta
458 2112 576 2173 duobus
602 2116 751 2174 coronatis

164 2213 267 2293 viginti
280 2232 331 2273 sex
343 2211 464 2273 stuienis
476 2225 505 2274 et
516 2214 635 2274 duobus
656 2217 751 2275 tentiis

164 2317 193 2375 in
215 2332 345 2374 mensem
361 2333 368 2373 :
386 2315 549 2395 octingenti
565 2319 752 2396 septuaginta

163 2425 278 2496 septem
290 2417 423 2476 coronati
440 2415 543 2495 viginti
564 2417 624 2477 duo
645 2418 751 2478 stuioni

162 2531 292 2597 quatuos
306 2518 394 2578 oboli.
787 2521 845 2580 877
860 2540 922 2583 cor.
938 2525 976 2582 Ἠ
991 2531 1028 2582 st.
1039 2513 1062 2581 ¹la
1076 2524 1124 2582 ob.
1145 2515 1147 2520 ’

104 2639 134 2688 20
202 2621 361 2696 Capitoneo
383 2621 490 2680 ioanni
523 2621 752 2682 Bartholomueo
841 2619 843 2622 ’
1169 2613 1171 2618 ’

161 2721 263 2798 Campi
280 2740 296 2780 a
316 2739 324 2779 t
346 2719 524 2797 septembris
542 2721 613 2779 anni
631 2722 747 2780 txvttt

161 2841 256 2900 usque
280 2821 429 2882 adfinem
452 2822 528 2900 junii
554 2823 625 2881 anni
654 2823 746 2882 LXXI

161 2925 437 2986 uentumeoronatis
450 2924 479 2982 in
494 2942 629 2984 mensem
638 2923 749 2983 additis

163 3024 495 3102 centumquadraginta
520 3043 579 3084 uno
601 3025 751 3084 coronatis

107 3143 138 3189 us
165 3137 193 3185 et
216 3124 318 3203 viginti
333 3143 383 3184 sex
399 3123 521 3184 stuienis
544 3124 598 3202 ipsi
622 3124 699 3184 datis
720 3124 749 3183 in

163 3225 346 3304 stipendium
361 3225 633 3284 extraordinarium
647 3235 750 3302 pro'eo

164 3342 307 3406 tompore,
322 3346 380 3408 quo
393 3326 450 3386 init
465 3327 495 3386 in
511 3327 625 3399 eastris,
642 3335 673 3386 et
690 3326 752 3386 Sei·

165 3429 247 3508 pioni
258 3425 479 3506 Campissiilioss)
492 3427 585 3506 ipsius
596 3426 634 3485 ab
646 3425 750 3487 eodem

164 3531 212 3591 die
238 3527 389 3605 usquead
412 3528 548 3587 ultimum
576 3527 654 3605 junii
679 3528 751 3587 anui

109 3646 140 3694 30
165 3631 257 3717 txxt
269 3630 387 3708 triginta
405 3648 464 3689 uno
481 3629 633 3688 mensibus
650 3629 753 3707 primis

204 3975 248 4044 (i)
269 3976 324 4028 sot.
339 3974 375 4026 nt
389 3982 429 4027 est
442 3990 495 4027 nne
512 3971 655 4042 repetition
676 3973 787 4024 verbale
801 3973 835 4024 de
847 3972 895 4029 iol.
910 3972 956 4026 26.
971 3973 1042 4027 C’est
1057 3992 1109 4028 atne
1123 3976 1196 4030 faute

165 4072 203 4126 du
212 4072 324 4142 oopiste.
337 4070 376 4123 Οι·
390 4086 458 4124 nous
470 4070 571 4123 saisons
585 4069 676 4122 suivne
689 4069 724 4120 iei
737 4065 966 4121 immediatement
979 4068 1025 4122 iot.
1040 4071 1085 4124 28.
1181 4082 1187 4110 2
