3144 4920
807 425 1012 524 (tto).
1127 355 1137 406 1

362 625 472 684 tionem
508 633 699 703 aegrotorum
729 635 769 697 set
809 626 959 692 vulnera·¹

362 737 471 786 torum.
1031 728 1110 787 5870
1125 745 1186 788 eor.
1202 730 1219 788 7
1238 737 1276 790 st.

402 825 521 886 Medicis
536 835 566 886 et
581 823 739 904 chirurgis.
1049 830 1108 889 718
1123 847 1184 890 cor.
1199 831 1219 891 6
1235 828 1276 906 'la
1291 841 1328 890 st.

403 928 533 988 Diversis
556 927 771 988 mercatoribus
794 946 849 1008 pro
869 928 945 989 lutc-

361 1029 491 1091 ressibus
518 1030 661 1110 pecuniae
686 1028 724 1089 ab
745 1029 787 1090 eis
809 1039 948 1110 receptae

360 1143 390 1192 ct
409 1131 587 1209 anticipatae
607 1140 637 1191 et
651 1131 687 1190 ad
703 1131 851 1192 cambium
867 1142 897 1193 et
911 1132 947 1192 ad
1062 1181 1063 1184 ¹
1117 1185 1121 1197 ,
1419 1183 1429 1196 .

361 1233 518 1292 linanciam
534 1232 628 1292 datae.
1006 1236 1107 1294 25598
1123 1253 1183 1295 eor.
1201 1236 1239 1295 10
1255 1233 1292 1312 ’1,
1307 1244 1343 1296 sl.

404 1333 533 1393 Diversis
549 1331 764 1392 mercatoribus
781 1352 835 1411 pro
859 1351 949 1412 pecu·

359 1435 406 1495 uia
422 1444 525 1494 mutuo
541 1433 606 1494 data
623 1443 653 1493 et
667 1434 836 1513 anticipata.
1009 1432 1109 1496 860511
1125 1454 1185 1498 cor.
1201 1437 1239 1496 85
1255 1447 1291 1497 st.
1386 1455 1388 1458 ·

361 1636 475 1695 Classes
493 1633 734 1713 antuerpianae,
754 1633 945 1695 Arnstarodu-

442 1747 600 1796 manasset
623 1733 861 1796 Duulccrlceoses.

399 1885 444 1944 Ad
459 1895 597 1966 sumplus
610 1885 746 1946 classium
759 1885 946 1963 Antwcrpia-

359 2009 465 2050 narum
481 1990 588 2051 loanni
604 1989 720 2050 Peresio
735 1989 772 2049 dc
787 1989 903 2050 Erzilla.
989 1990 1110 2049 105816
1125 2007 1185 2049 cor.
1202 1990 1219 2048 6
1235 2002 1271 2049 st.

383 2071 531 2168 ‚Gaspero
546 2092 582 2152 dc
598 2092 699 2151 Meira.
1027 2090 1107 2148 7170
1122 2107 1184 2148 eor.
1200 2091 1237 2149 10
1253 2098 1289 2149 st.

401 2193 596 2251 Miuuncetoe.
1030 2193 1110 2252 7558
1126 2208 1186 2250 cor.
1203 2194 1239 2251 18
1254 2200 1289 2250 st.

399 2291 657 2352 Gubernatorioue
676 2292 796 2350 narium
818 2302 848 2352 et
870 2311 947 2352 uau-

360 2395 395 2452 tis
424 2393 460 2452 ad
486 2393 585 2453 literas
614 2392 772 2453 solutorias
799 2391 945 2453 lohaunis

358 2495 489 2553 lssuntii.
1029 2495 1108 2555 5688
1124 2512 1186 2558 cor.
1200 2498 1218 2556 8
1233 2513 1269 2556 sa.

398 2595 532 2655 uiolasti
547 2595 584 2655 de
598 2596 749 2656 Villareal.
1005 2597 1100 2655 57111
1121 2614 1182 2658 cor.
1197 2599 1217 2657 5
1232 2605 1268 2657 st.

481 2789 598 2856 Classes
611 2790 820 2854 Hollondicoe.

400 2941 581 3002 Guudizalvo
593 2941 780 3002 dellcdoudo
792 2943 828 3002 ad
841 2945 948 3003 classes

360 3040 555 3105 llollandicas.
1007 3043 1107 3104 attus
1123 3061 1183 3104 cor.
1199 3043 1237 3104 56
1252 3054 1287 3104 sl.

399 3145 502 3206 Eidem
529 3144 565 3205 ad
591 3146 689 3205 literas
714 3146 835 3206 Comitis
860 3146 897 3206 de
920 3147 945 3205 la

356 3248 444 3308 Roco.
1054 3247 1113 3306 600
1128 3264 1188 3307 cor.

359 3349 513 3408 Franclseo
532 3347 696 3408 Azurtcrio.
1028 3348 1108 3408 1150
1122 3365 1183 3407 cor.
1197 3348 1237 3408 50
1251 3361 1292 3432 ει..

398 3447 505 3508 loanni
528 3447 674 3507 Oueindla
689 3447 731 3526 (l)
745 3445 783 3506 ad
804 3457 942 3524 sumptus

359 3548 522 3609 earundem
547 3550 694 3610 classium.
1007 3550 1102 3610 56551
1122 3566 1183 3609 cor.
1198 3553 1237 3609 80
1251 3562 1285 3608 sc.

399 3649 507 3710 Jacobo
530 3652 556 3711 le
577 3651 631 3711 Roi
654 3669 709 3729 pro
734 3648 856 3729 pulvere
881 3662 941 3709 tor·

359 3753 506 3811 meutario
538 3752 575 3811 ab
609 3770 644 3811 co
675 3753 743 3811 dato
774 3769 810 3809 ex
838 3751 944 3810 ordine

357 3852 478 3913 loannis
506 3853 628 3914 Morsui.
1000 3853 1106 3918 11086
1120 3872 1180 3914 cor.
1197 3841 1235 3914 ‘ro
1250 3865 1285 3914 st.
1328 3890 1331 3897 -
1413 3867 1442 3914 :to

1253 4021 1378 4029 -—-..—

397 4117 434 4176 11)
455 4117 476 4169 ll
490 4133 508 4184 y
522 4132 537 4168 a
549 4115 685 4186 plusieurs
698 4115 835 4168 variantes
848 4115 882 4168 tle
896 4131 925 4168 cc
940 4131 1012 4169 uom.
