3144 4920
816 451 967 552 (444)

368 647 491 726 aequati
501 648 577 706 044444·
583 646 671 708 LXX
677 649 719 706 VI
723 657 784 708 est:
794 649 957 731 0040904444

368 750 541 827 0040094040
568 759 629 808 0040
655 747 737 809 mille
762 750 953 832 aeptuoqt'ato

368 863 471 906 nouam
484 847 626 908 coronati.
995 853 1131 917 estote
1146 875 1207 918 eor.
1222 860 1272 937 (l).

410 951 533 1028 Accepto
545 966 613 1008 aero
622 953 752 1028 potamio
760 951 956 1032 [0040400444-

367 1047 961 1131 9004400064094444040444444440404044444

367 1151 462 1210 elecem
477 1161 504 1212 et
517 1161 580 1212 octo
593 1154 736 1216 eoronott‘.
1007 1159 1094 1220 5466
1099 1162 1114 1220 4
1118 1162 1138 1221 8
1153 1179 1212 1222 004.

411 1255 495 1314 Debet
508 1256 604 1337 494404
618 1258 712 1338 Raeto
724 1258 870 1320 Maiestas
881 1256 958 1318 aolu-

370 1359 429 1414 tore'
462 1374 499 1416 aa
531 1357 578 1418 lis
601 1363 762 1436 postremis
789 1360 956 1420 rationibus

369 1455 577 1538 quodroyioto
603 1480 696 1521 uorem
721 1461 803 1522 mille
826 1463 956 1544 quadri·

369 1568 471 1637 9444404
484 1561 643 1641 4040944440
658 1582 753 1623 uuum
768 1573 935 1626 coronatos.
995 1567 1104 1629 44464
1120 1585 1179 1628 eor.

412 1658 517 1718 Debita
533 1661 639 1740 Regiae
655 1664 812 1723 Maiestatis
833 1664 957 1724 solutori

372 1761 525 1822 Francisoo
550 1765 692 1841 Lixaldio‚
713 1785 788 1842 quae
809 1779 955 1845 apparent

372 1880 408 1921 ex
424 1863 589 1924 rationibus
605 1875 634 1925 et
648 1868 902 1927 aestimationibus
921 1868 958 1926 ab

371 1982 406 2022 eo
425 1966 552 2042 acceptis
567 1985 622 2044 per
635 1968 780 2028 loannem
800 1969 963 2028 lssuutium

372 2073 598 2141 etquaestorem
610 2068 817 2128 Navarretium
829 2089 865 2129 ex
876 2071 956 2144 04444·

374 2184 411 2225 ue
428 2166 516 2227 Ducis
531 2169 637 2228 Albani
656 2179 685 2230 et
705 2171 959 2231 Commendatoris

372 2267 516 2327 Castilliae
542 2288 635 2344 usque
660 2269 697 2342 ad
721 2291 740 2331 v
766 2273 863 2330 martii
887 2271 957 2328 anui

375 2367 496 2441 LXXVI,
521 2388 581 2446 quo
606 2370 690 2448 obiit,
706 2379 736 2430 et
761 2371 869 2430 deiude
894 2371 958 2448 ejus

375 2470 533 2547 pecuniae,
553 2489 643 2548 quam
668 2481 768 2548 postea
789 2476 902 2551 aceepit
923 2492 960 2532 ex

373 2570 961 2650 ordineRegiaeMaiestatisotdistriltuit

374 2672 410 2732 ad
421 2675 504 2751 jussa
525 2686 554 2735 et
572 2676 673 2736 literas
692 2677 848 2738 solutorias
862 2674 960 2735 domi·

374 2793 484 2834 uorum
512 2778 749 2838 consiliariorum
777 2778 841 2856 ejus
866 2787 961 2837 status

376 2875 518 2954 usquead
530 2877 621 2938 finem
632 2879 743 2938 mensis
754 2879 871 2956 augusti
884 2877 962 2955 ejus·

376 2976 444 3036 dem
456 2977 527 3035 anni
538 2979 626 3037 salvis
636 2997 754 3057 semper
766 2978 870 3038 calculi
882 2996 965 3037 erro·

377 3077 460 3136 ribus
495 3077 557 3137 sive
591 3078 734 3138 adversus
763 3098 827 3138 rem
856 3080 964 3157 Regiae

377 3177 534 3238 Maiestatis
559 3178 621 3238 sive
650 3178 782 3256 ejusdem
812 3180 964 3250 solutoris,

377 3280 428 3358 qui
437 3279 521 3356 juxta
533 3298 647 3338 morem
660 3279 800 3338 usitatum
814 3279 964 3338 rationum

378 3383 478 3441 valere
494 3399 649 3459 nunquam
665 3379 783 3440 debent.

420 3726 459 3796 (l)
481 3728 532 3780 Par
545 3727 686 3780 l'addition
699 3727 746 3779 des
760 3734 849 3796 postes
863 3725 1021 3792 margiaaux
1036 3723 1069 3775 tle
1083 3730 1151 3775 cette
1165 3723 1252 3791 partie
1265 3721 1302 3772 du
1317 3736 1414 3774 manu·

378 3825 452 3887 serit,
464 3841 498 3877 on
510 3823 613 3876 obtieut
626 3823 651 3874 la
665 3838 766 3874 somme
779 3822 811 3873 de
826 3819 948 3880 tuaest
961 3835 1046 3870 eoroo.
1062 3815 1094 3867 49
1105 3818 1171 3882 elas.
1187 3818 1256 3870 C'est
1266 3815 1350 3876 5,020
1360 3832 1415 3868 eor.
1437 3817 1469 3870 30

378 3919 414 3971 20
433 3920 499 3987 atus.
511 3921 545 3972 de
565 3919 652 3972 moins
670 3935 722 3987 que
737 3920 761 3970 le
774 3919 839 3970 total
854 3933 905 3985 que
919 3932 987 3967 nous
1008 3923 1138 3968 trouvons
1152 3931 1187 3967 au
1208 3914 1328 3981 registra.
1344 3914 1412 3965 Sans

378 4017 461 4069 doute
473 4015 600 4085 leeopiste
613 4031 628 4068 a
641 4015 674 4066 de
686 4028 810 4066 nouveau
824 4012 876 4064 mal
892 4008 969 4078 eopie'
982 4048 989 4061 .
