3134 4926
813 382 940 483 (88)

401 565 573 642 Reqistrum
588 589 638 630 seu
653 575 860 642 inventarium
883 582 947 644 obi-

358 663 579 742 roqropborum
624 675 833 758 oriqiaotium,
872 704 947 768 quoe

357 764 530 844 praediatus
578 785 718 852 quaestor
765 783 945 849 Fraaeiseus

360 864 521 931 Liaaldius
535 869 619 934 babet
634 878 674 936 ad
685 897 773 940 suom
787 885 942 969 justifica-

356 966 462 1030 tioaem
486 973 631 1050 proauiae
653 976 689 1038 ab
713 1000 745 1042 eo
769 981 946 1051 distributae

356 1067 525 1154 subscripta
550 1076 705 1142 abeodem
731 1086 803 1146 duee
830 1092 942 1154 stboao

355 1189 422 1231 eam
473 1172 683 1257 obiroqropbis
734 1193 940 1268 recoquitoriis

354 1289 469 1349 eorum,
493 1276 604 1358 quibas
619 1300 654 1341 ea
664 1290 796 1365 pecunia
816 1300 857 1350 est
879 1291 942 1356 dis-

354 1372 477 1450 triboto‚
516 1383 642 1461 oceoptis
677 1387 847 1452 rationibus
888 1415 941 1474 per

354 1484 524 1555 quaestores
538 1486 686 1544 exercitos
700 1487 807 1566 Reqioo
826 1494 939 1557 Maies-

351 1577 424 1638 tatis
440 1579 536 1658 juato
557 1583 690 1646 rationes
709 1598 736 1648 et
757 1596 941 1658 aestimatio·

353 1697 430 1753 aem,
442 1700 535 1761 quam
546 1703 581 1744 or
593 1684 696 1748 ordino
707 1691 836 1769 ejusdam
846 1700 940 1762 Dacis

353 1777 468 1843 Aibaai
508 1784 544 1846 ab
583 1807 615 1848 eo
657 1801 769 1874 aceepit
800 1801 942 1877 provisor

351 1884 483 1947 Jooaaos
499 1889 653 1952 Issuatias
673 1913 769 1976 usqae
789 1901 829 1959 od
847 1900 937 1983 (baem

350 1987 427 2046 artai
438 1989 555 2065 LXXI,
567 1992 623 2074 qai
635 1998 786 2060 Issuatius
797 2020 847 2063 eos
859 2001 939 2085 diffi-

351 2091 430 2150 aioit
471 2101 499 2150 et
540 2093 706 2176 verificavit
747 2105 939 2184 aorosiqaatoo

348 2207 405 2249 suo
420 2189 555 2267 rubrica,
579 2195 612 2255 ia
634 2195 742 2278 quibus
762 2203 936 2283 praedictus

348 2292 460 2350 solutor
502 2291 576 2372 facit
613 2294 773 2362 debitorem
811 2308 934 2384 Reqiam

346 2392 536 2454 Maiestatem
572 2400 777 2482 quodroqiato
806 2407 936 2491 quiaque

346 2490 482 2554 millium
503 2496 629 2578 triqiato
648 2499 778 2564 duorum
794 2507 833 2584 (i)
850 2527 931 2571 coro·

345 2603 499 2676 natorum,
527 2599 775 2680 quemadmodum
798 2610 933 2690 praedia·

345 2704 393 2756 tros
403 2699 557 2761 issuatius
569 2699 705 2764 orbibait
715 2706 931 2776 declaratamet

342 2799 545 2879 subscriptum
555 2823 612 2864 sao
622 2823 756 2882 meamet
769 2811 847 2874 idom
861 2819 932 2877 Dux

343 2896 481 2962 Albanas
508 2907 680 2968 transmisit
710 2915 849 2984 (rationes
885 2919 928 2979 ito

342 3002 537 3083 subscriptos)
549 3005 588 3065 od
598 3008 724 3088 Reqiom
740 3015 926 3080 Maiestatem

343 3100 377 3158 ia
394 3101 585 3184 Hispaniam.
603 3107 682 3169 Haeo
696 3121 796 3174 autem
810 3135 926 3181 summo

342 3210 383 3260 ost
395 3213 517 3281 praeter
526 3203 606 3269 aiios
618 3213 765 3291 quasdam
777 3234 922 3298 summos,

341 3323 418 3384 quos
429 3305 605 3386 praediatus
619 3313 774 3376 Issuatios
795 3315 845 3378 iili
865 3339 925 3382 aoa

340 3404 484 3489 admisit„
499 3426 531 3469 eo
560 3414 641 3492 quod
663 3413 796 3477 troadam
828 3431 924 3481 esseut

339 3505 519 3586 oerifiootao.
536 3512 695 3576 Praedicta
712 3527 812 3579 autem
828 3519 924 3584 abiro·

338 3607 457 3690 qropbo
472 3619 501 3672 ot
513 3613 628 3690 scripto
643 3618 805 3698 oriqiaoiio
820 3619 924 3684 distri·

335 3815 1365 3863 Ἁκ-

375 3961 415 4032 (i)
439 3964 459 4016 ΙΙ
472 3965 529 4019 taut
542 3969 592 4021 tiro
605 3971 714 4040 quiaque
725 3989 760 4027 su
774 3975 828 4028 lieu
842 3978 875 4030 de
886 3980 1007 4036 duorum.
