3118 4908
840 450 944 549 (⁴)

414 655 487 712 item
504 652 671 732 praedictus
686 650 915 710 commendator
930 651 1021 709 Maior
1036 653 1179 712 Castiiiiee

371 754 525 814 constituit
540 753 634 812 eidem
653 751 902 812 Lixaldiodietum
919 753 1062 811 ioannem
1081 756 1178 812 lsson·

372 855 446 914 tium
463 863 530 930 post
544 854 706 912 discessum
721 851 804 910 ducis
815 852 919 910 aibant
935 853 972 910 ab
989 851 1034 912 bis
1054 853 1176 929 provin-

371 956 422 1015 ciis
433 955 465 1014 in
478 953 658 1032 Hispaniam,
674 953 724 1030 qui
739 955 856 1012 easdem
874 953 1003 1012 rationes
1019 955 1179 1032 inspiceret

370 1067 401 1118 ct
415 1068 660 1136 prosequeretur,
678 1054 819 1132 quamdiu
835 1055 945 1133 ipsein
962 1056 1179 1134 gubernatione

371 1157 438 1230 tuit,
464 1157 568 1226 idest,
595 1174 688 1232 osque
713 1156 744 1214 in
770 1155 860 1214 finem
883 1155 952 1213 anni
975 1157 1178 1215 atutxxttl.

373 1259 432 1332 Qui
446 1259 594 1318 lssuntios
610 1258 752 1316 maiorem
768 1241 930 1315 earundem
943 1258 1093 1317 rationum
1108 1277 1177 1336 par·

375 1373 434 1421 tem
459 1360 612 1430 subduxit,
627 1369 655 1418 et
676 1377 712 1418 ex
733 1376 848 1417 summa
870 1356 956 1435 hujus
975 1358 1178 1422 subductionis

372 1470 496 1539 apparet
511 1463 647 1519 Vestrum
667 1454 846 1538 Majestatcm
868 1476 932 1516 esse
951 1456 1116 1517 debitorem
1132 1460 1175 1518 vi-

373 1564 447 1643 ginti
469 1583 520 1621 sen
547 1562 672 1619 millium
697 1559 985 1638 quadringentorum
1008 1574 1037 1619 et
1059 1562 1179 1640 triginta
1431 1572 1462 1619 to

374 1685 422 1724 sex
439 1675 658 1722 coronatorum.
1223 1665 1322 1723 96656
1342 1683 1401 1722 cor.

414 1770 486 1827 item
513 1764 681 1843 praedictus
710 1764 933 1824 commendator
958 1766 1110 1824 constituit
1138 1765 1178 1824 iiii

372 1887 476 1928 rursus
491 1877 677 1945 quaestorem
693 1867 836 1924 ioarinem
847 1865 1065 1938 Navarretiom,
1080 1866 1129 1943 qui
1144 1866 1181 1927 ab

371 1988 406 2029 oo
419 1968 566 2046 reciperet
577 1968 706 2026 rationes
718 1976 854 2044 acceptae
866 1977 895 2025 ct
906 1966 1081 2027 distributae
1095 1986 1181 2044 pecu·

373 2069 600 2147 niae‚quumdin
611 2069 673 2146 ipse
686 2066 951 2128 commendatoria
964 2067 1060 2127 officio
1073 2068 1180 2138 iuerat,

372 2171 429 2245 Qui
441 2171 553 2248 accepit
568 2171 686 2228 easdem
698 2171 829 2229 rationes
842 2170 982 2246 usquead
995 2170 1085 2229 finem
1101 2189 1183 2230 men·

374 2273 414 2332 sis
435 2269 577 2331 februarii
603 2273 792 2330 atbtxxv.
823 2274 965 2330 iuventus
995 2284 1040 2330 est
1065 2271 1181 2332 debitor

374 2375 480 2432 Vestra
509 2372 642 2449 biajestas
671 2371 821 2449 sexaginta
851 2369 976 2430 millium
1005 2380 1125 2431 eentum
1152 2385 1180 2431 et

373 2475 507 2551 quinque
522 2484 743 2533 coronatorum.
1223 2473 1324 2532 toton
1344 2490 1405 2531 cor.

414 2573 555 2634 Exhibuit
576 2584 729 2651 praeterea
753 2573 883 2632 rationes
905 2585 1004 2649 postea
1024 2573 1134 2650 accepti
1154 2584 1183 2631 et
1433 2587 1464 2634 to

371 2674 492 2753 expensi
501 2675 529 2733 in
542 2674 759 2751 gubernatione
773 2673 913 2752 praedicti
925 2672 1182 2732 Commendatoris

370 2776 488 2835 Maioris
503 2775 647 2834 Castiliiae
664 2793 757 2850 usque
778 2774 814 2833 ad
830 2795 848 2833 v
865 2773 964 2833 martii
977 2774 1181 2842 mutxxvt,

368 2895 427 2952 quo
448 2876 496 2934 die
520 2875 594 2934 obiit
620 2877 684 2952 ipsc
707 2874 948 2946 commendator,
971 2873 1181 2952 quaestoribus

369 2975 517 3035 exercitus
533 2973 684 3053 Alpheuso
696 2974 848 3034 stamedio
863 2985 892 3033 et
910 2974 1061 3052 praedicto
1076 2975 1182 3033 ioanni

369 3076 552 3148 Navarretio,
575 3075 626 3150 qui
652 3086 776 3153 propter
800 3075 871 3133 alias
898 3074 1107 3152 occupationes
1133 3093 1182 3133 <ras

371 3174 1183 3252 hactenusnonretuleruntnequediffinierunt‚quem·

369 3278 530 3338 admodum
543 3297 558 3336 a
572 3278 674 3337 Vestra
687 3280 837 3354 Maiestate
854 3276 988 3336 illiserat
1003 3278 1182 3337 iniunctum.

370 3380 575 3458 Deprehendit
590 3391 688 3448 tamen
710 3398 746 3438 ex
769 3380 831 3439 suis
853 3379 1021 3438 rationibus
1044 3379 1182 3456 Majesta-

372 3495 430 3540 tem
448 3482 583 3562 Vestram
606 3479 704 3539 adbuc
719 3479 775 3539 sibi
796 3479 961 3540 debitorem
983 3479 1179 3558 quadraginta

374 3581 462 3666 unius
477 3582 605 3640 millium
623 3581 911 3659 quadringentorum
926 3585 1076 3660 sexaginta
1093 3582 1182 3642 utrius

374 3693 585 3741 coronatorum
600 3680 722 3741 inclusis
737 3683 888 3741 nonnuliis
900 3682 1073 3742 foenoribus
1089 3700 1182 3761 pecu-

377 3782 451 3856 niae,
475 3800 563 3858 quam
588 3791 717 3842 coaetus⁴
732 3793 776 3842 cst
797 3783 835 3841 ad
857 3783 963 3841 t‘oenus
988 3785 1122 3860 accipere
1144 3780 1181 3840 ad

376 3900 438 3940 rem
451 3895 480 3941 et
492 3901 580 3942 usum
592 3885 714 3943 Vestrae
726 3883 884 3960 Majestatis
895 3902 931 3941 ex
943 3883 1027 3960 jussu
1041 3882 1184 3960 praedicti

376 3983 774 4044 Commendatorisitiaioris.
856 3975 860 3979 ’
1227 3979 1323 4038 attor
1346 3993 1407 4037 eor.
