3118 4908
647 483 750 580 (⁷)

180 787 356 871 Exemplum
381 789 456 852 dono
480 793 540 874 fide
570 796 786 873 transcriptam
812 817 848 857 ex
873 794 1044 877 provisione
1071 803 1097 854 et
1122 793 1209 856 titnlo

220 894 310 970 repio,
325 911 384 971 qno
399 893 543 956 Maiestas
556 896 644 976 Repis
656 895 795 978 Philippi
809 897 934 960 Domini
947 896 1044 957 nostri
1058 893 1209 956 constitnit

222 1001 387 1073 questoretn
410 993 581 1074 (solutorem
602 997 664 1074 ipsi
687 995 801 1076 dicunt)
824 1000 876 1060 sui
898 997 1044 1058 exercitos
1068 995 1209 1056 Francis·

222 1114 286 1155 cnm
299 1097 485 1174 Liunltlinm,
501 1099 556 1180 qni
571 1097 678 1160 titulus
693 1097 867 1183 ohsipnntns
881 1110 945 1162 erut
957 1099 1038 1180 nepio
1052 1097 1170 1158 nomine
1183 1104 1209 1156 et

223 1197 390 1277 reoopnitns
418 1219 435 1256 u
463 1201 581 1260 Jounne
611 1201 745 1283 Vosqnio
772 1201 930 1262 Soluzorio
958 1219 1011 1262 sno
1035 1197 1207 1270 secretorio,

221 1295 354 1371 ltohehct,
369 1308 401 1358 nt
416 1301 575 1382 seqnitur.-

281 1534 462 1616 Exemplnm
486 1535 569 1598 tituli
592 1539 762 1614 Quaestotis
785 1537 939 1603 Francisot'
959 1535 1106 1598 Linnldt'i.

224 1723 377 1804 Philippus
400 1726 452 1785 Dei
474 1727 566 1806 gratia
598 1729 659 1789 Rex
681 1717 831 1802 castellae,
854 1728 997 1807 Legionis,
1021 1725 1210 1804 Arragoniar,

183 1823 308 1884 duarum
324 1825 500 1899 Siciliarum,
514 1829 778 1906 ierosolymorum,
792 1829 950 1898 Naronae,
966 1827 1119 1899 Granatue,
1131 1825 1210 1889 Tho·

129 1935 158 1983 to
183 1925 243 2001 leti,
259 1926 424 2001 Valeuoiae,
440 1928 585 2004 Galliciac,
608 1931 772 2002 Balearum,
795 1930 931 2009 Hispalis,
954 1927 1117 2002 Sardiniae,
1139 1929 1211 1987 Cor-

122 2089 124 2096 ,
183 2026 289 2108 duhae,
322 2029 465 2108 Corugac,
492 2030 625 2102 Nortiae,
653 2031 766 2102 laemii,
802 2030 1020 2108 Algarhiorum,
1053 2029 1212 2108 Algesirae,

182 2127 362 2202 Gibraltarii,
376 2129 540 2188 insularum
556 2129 706 2202 Canariae,
723 2130 876 2188 Indiarnm
892 2129 1058 2189 insularum
1074 2139 1103 2209 et
1118 2127 1212 2192 conti·

111 2287 114 2296 Δ
184 2231 280 2289 nentis
301 2231 390 2289 maris
406 2231 534 2304 Oceanii,
556 2231 660 2289 Comes
683 2230 895 2305 Barcinomiac,
917 2229 1063 2290 Dominus
1086 2231 1213 2292 Biscaiac

76 2324 77 2327 '
183 2342 212 2390 ct
227 2329 362 2404 Molinae,
377 2332 442 2390 Dux
460 2332 642 2391 Athenarum
665 2344 694 2391 et
709 2332 895 2410 Neopatriac,
911 2333 1015 2392 Comes
1038 2332 1212 2392 Russellanii

128 2447 158 2494 15
183 2442 212 2490 ct
223 2431 384 2504 Sardiniae,
397 2431 527 2491 Mancino
539 2431 680 2492 Oristanii
697 2441 725 2492 et
737 2432 891 2506 Gossianii,
904 2432 1056 2492 Archidux
1068 2435 1214 2503 Austrine,

186 2535 249 2593 Dux
266 2532 453 2614 Burgundios
467 2543 496 2592 et
512 2532 686 2592 Brahantiae
701 2544 731 2592 ct
751 2533 920 2605 Mediolani,
935 2535 1039 2594 Comes
1057 2532 1214 2594 Flandriac

183 2635 351 2714 ctTyrolis.

223 2736 368 2812 Quoniam
381 2735 498 2812 jussum
518 2743 592 2793 esta
609 2735 694 2794 nohis
710 2737 874 2796 exercitum
886 2736 981 2814 colligi
998 2736 1132 2814 peditum
1149 2747 1211 2796 tum

186 2838 380 2918 Hispanorum
397 2846 459 2895 tum
476 2836 691 2895 Germanorum
708 2849 737 2896 ct
758 2837 1016 2914 cataphractorum
1040 2848 1071 2897 et
1092 2838 1212 2902 levioris

129 2948 159 2998 no
184 2927 350 3000 armaturae
371 2938 504 3017 equitum
527 2956 563 2997 ex
578 2937 719 2998 omnihus
739 2938 878 3017 gentihus
899 2939 935 2998 ad
959 2940 1103 3004 nonnulla
1118 2941 1211 2999 cultui

185 3043 238 3106 Dei
273 3055 303 3102 et
335 3041 456 3102 servitio
498 3049 599 3100 nostro
634 3051 832 3101 consentanea
870 3043 1148 3121 nominavimusque
1181 3044 1212 3103 in

184 3155 318 3206 nostrum
347 3144 540 3224 praecipuum
573 3142 677 3204 docem
708 3143 772 3202 eius
807 3145 955 3206 exercitus
990 3145 1212 3205 Fcrdinandum

185 3244 355 3303 alvaruma
374 3242 475 3302 Toleto
492 3242 597 3322 ducem
615 3239 760 3302 Albanum
777 3241 953 3321 primarium
971 3244 1078 3304 domus
1095 3253 1213 3304 nostrae

168 3388 170 3397 ,
186 3344 368 3424 praelectum
384 3344 645 3420 consiliariumque
661 3344 754 3404 nostri
769 3354 863 3404 status
879 3353 909 3404 et
922 3346 1086 3406 Antonium
1101 3345 1213 3404 Gallin-

128 3450 159 3497 25
185 3447 268 3506 dium
282 3447 478 3506 Carveialium
494 3445 682 3524 Magdalenae
697 3446 969 3507 commendatorem
989 3447 1020 3508 in
1036 3446 1213 3523 primarium

184 3549 332 3611 exercitus
353 3547 551 3627 inspectorem
578 3557 750 3625 quaestores
774 3567 843 3610 vero
866 3547 1053 3630 Alphonsttm
1076 3546 1213 3610 Cantium

183 3659 214 3709 et
228 3647 476 3726 christophorum
491 3649 528 3706 de
544 3647 715 3708 castellanis
733 3659 763 3707 et
777 3649 806 3707 iu
823 3649 1007 3727 provisorem
1023 3662 1052 3708 et
1067 3647 1214 3711 Comissa-

183 3750 262 3811 rium
279 3749 454 3830 primarium
477 3749 663 3808 Franciscum
687 3748 828 3810 delbora
851 3769 917 3809 cum
940 3750 1004 3809 aliis
1028 3748 1164 3830 personis
1186 3759 1216 3824 et

182 3850 357 3916 officialibus
371 3861 399 3910 et
421 3850 630 3911 commissoriis
651 3850 802 3923 censoriis,
826 3851 951 3910 interest
974 3860 1128 3931 practerea
1152 3863 1215 3933 tum

128 3968 157 4015 ³0
184 3951 295 4027 servitii
319 3951 411 4018 nostri
436 3963 499 4010 tum
521 3950 564 4010 rei
586 3958 717 4016 statuere
737 3959 767 4010 ct
788 3951 945 4012 nominare
967 3950 1066 4012 virum
1088 3951 1217 4030 aliquem

186 4072 310 4132 magnae
323 4053 392 4112 fidei
407 4055 438 4112 in
454 4070 563 4111 munus
578 4053 743 4129 quaestoris
759 4063 812 4111 aut
827 4051 968 4112 solutoris
984 4052 1118 4113 ciusdem
1130 4033 1218 4113 exer-
