3144 4920
648 441 802 540 (ιιι)

214 643 387 722 Hieronymi
418 643 455 703 de
482 644 651 705 salamanca
678 646 799 704 Sancta-

214 745 304 805 erueii
347 745 557 824 quadringenti
597 757 710 824 septem
749 745 801 822 ll)
903 787 906 795 ·

203 847 346 908 ,coronati
358 846 492 924 ejusdem
504 846 612 907 valoris
628 866 657 907 m
672 847 801 926 junuarii
913 854 915 859 '

213 948 284 1009 anni
301 950 427 1009 LXXlll.
843 949 901 1008 569
917 966 977 1007 eor.
994 951 1012 1008 a
1027 958 1062 1008 st.

158 1055 172 1101 o
243 1053 275 1108 Ἀ
297 1051 413 1110 loanne
436 1051 517 1127 lupo
539 1050 577 1109 do
597 1050 721 1111 Caroion
747 1069 800 1126 per

212 1150 313 1210 literas
335 1152 413 1210 Petri
435 1150 472 1210 de
494 1151 664 1210 Salamanoa
687 1168 703 1206 v
726 1149 800 1226 ejus-

213 1250 279 1311 dem
290 1250 429 1329 januarii.
840 1251 900 1310 att
912 1244 974 1309 eor.
991 1251 1010 1311 9
1025 1259 1061 1310 st.

253 1358 274 1411 Α
301 1353 455 1412 Franciseo
483 1352 520 1411 de
549 1353 574 1410 la
605 1351 714 1412 roobia
745 1370 798 1429 per

212 1454 314 1513 literas
336 1453 468 1514 Roderiei
496 1452 585 1513 Pessii
610 1453 691 1512 mille
711 1470 797 1511 eoro-

157 1563 186 1611 ιο
213 1556 272 1614 nati
288 1556 420 1634 ejusdem
436 1555 544 1614 valoris
559 1555 662 1614 eodem
678 1554 735 1614 die.
838 1555 898 1615 925
914 1571 973 1613 oor.
990 1555 1009 1613 5
1024 1564 1060 1614 st.

252 1661 274 1716 Α
300 1656 414 1717 loanne
438 1655 579 1716 lllatantio
608 1668 636 1715 ot
664 1653 797 1714 Christo-

211 1758 306 1836 phoro
348 1759 510 1836 Pesquiero
552 1776 590 1817 xx
629 1756 796 1816 decembris

209 1859 281 1919 anni
303 1862 405 1919 LXXll
429 1859 509 1918 mille
533 1860 689 1936 quingenti
715 1877 796 1917 eoro-

210 1961 270 2020 nati
298 1960 431 2038 ejusdem
461 1959 569 2019 valoris
606 1978 660 2037 per
696 1958 796 2016 literas

156 2079 184 2128 15
210 2060 345 2121 Andreae
357 2081 372 2120 a
385 2064 492 2122 Sancto
504 2059 645 2120 Michaole
655 2071 684 2119 et
694 2058 794 2118 iacobi

210 2161 349 2243 lignun.
492 2143 497 2148 '
837 2161 1095 2220 restaurata.

249 2263 294 2323 Ab
314 2265 497 2340 Hieronymo
517 2261 554 2321 de
576 2261 720 2321 Cabonias
744 2281 797 2340 per

207 2365 306 2425 literas
320 2364 470 2424 laurentii
482 2365 518 2423 de
532 2365 633 2423 Lerina
647 2383 703 2423 xxx
716 2364 791 2441 ojus-

207 2466 284 2526 dem.
835 2467 893 2526 269
909 2484 966 2525 eor.
986 2467 997 2525 l
1020 2467 1059 2540 Ἰ,
1074 2478 1100 2525 st

153 2583 183 2630 20
248 2567 402 2628 AGaunis
422 2583 475 2642 per
499 2566 600 2625 literas
625 2564 789 2624 eorundem

205 2669 310 2731 eodem
328 2667 383 2727 die.
833 2667 893 2726 lot
908 2684 969 2725 eor.
989 2667 1025 2727 l8
1039 2674 1074 2724 st.

244 2773 372 2832 Al’etro
386 2767 627 2843 Quintanadonio
650 2787 703 2847 por
721 2768 788 2826 lite·

205 2892 254 2932 ras
268 2871 414 2949 ejusdem.
832 2871 912 2929 2400
927 2887 985 2929 ror.

244 2978 269 3034 Λ
286 2971 439 3032 Bomuisiis
455 2989 509 3049 per
524 2971 623 3031 literas
640 2972 788 3031 Fratre-issi

149 3087 179 3135 25
205 3075 312 3136 Pressii
329 3073 433 3133 eodem
449 3072 505 3131 die.
652 3153 654 3159 y
834 3074 913 3134 5692
928 3093 988 3134 eor.
1006 3076 1043 3134 li
1058 3090 1085 3134 st

248 3180 270 3236 A
307 3175 436 3253 Baptista
479 3173 629 3233 Lomelino
669 3185 790 3234 eentum

204 3277 284 3339 mille
309 3277 440 3336 coronati
463 3277 647 3354 septuaginta
674 3286 788 3354 septem

201 3397 384 3459 grossorum,
409 3395 484 3454 quos
502 3376 644 3456 {incoepit
670 3377 788 3437 Genuae

201 3500 237 3541 ex
265 3480 371 3540 ordine
399 3478 530 3556 ejusdem
566 3477 655 3536 Ducis
682 3478 785 3537 Albani

149 3593 178 3644 ³0
203 3603 233 3643 ιιι
244 3583 374 3662 januarii
388 3582 459 3640 anni
476 3581 601 3640 LXlllll.
830 3583 928 3644 98717
945 3603 1005 3644 eor.
1023 3588 1060 3645 57
1076 3595 1112 3645 st.

239 3942 279 4015 (i)
299 3942 457 4012 Supprimez
477 3949 601 4010 «septem
617 3963 643 3995 n.
658 3939 712 3992 369
728 3961 778 3996 eor.
796 3943 841 4011 (de
854 3941 891 3995 59
906 3946 981 4013 xtut'.)
998 3955 1024 4005 ÷
1038 3946 1132 4016 istas.
1142 3950 1233 4004 valent

202 4047 295 4094 autent
311 4055 363 4108 que
377 4037 432 4088 400
443 4055 494 4091 eor.
509 4038 554 4098 (de
568 4036 605 4089 36
617 4040 704 4106 καί).
