3134 4926
816 445 945 568 (m)

368 642 538 720 quindecim
559 644 639 705 milie
662 648 822 724 nonaginta
837 661 952 727 septem

367 742 490 804 florenis
502 744 672 822 quindecim
683 746 805 808 stuieais
816 749 954 836 atquibus

366 845 460 906 obolis
475 845 608 906 deductis
621 865 675 925 pro
688 847 767 908 victu
781 849 810 908 in
825 849 951 911 navibus

367 944 404 1006 ab
426 946 467 1006 eis
489 946 808 1025 insumpto,quamdiu
832 949 951 1028 naviga·

366 1059 448 1121 nunt,
463 1048 533 1107 item
549 1045 697 1126 stipendio
721 1049 809 1108 unius
830 1053 952 1124 mansis,

365 1148 445 1228 quod
464 1159 644 1226 acceperant
665 1151 784 1210 eaodem
806 1164 865 1212 taes
885 1161 950 1211 tur·

367 1270 429 1309 mae
451 1253 481 1310 in
503 1248 613 1328 oppido
638 1250 851 1320 Santadnoano,
867 1251 948 1328 quod

364 1353 489 1412 uelatum
505 1348 599 1410 estad
620 1351 749 1411 nationes
763 1353 857 1428 ipsius
872 1355 949 1412 sniu-

364 1453 479 1513 torisia
496 1451 666 1530 sumptibus
688 1451 718 1511 in
739 1453 841 1512 eadem
856 1454 949 1514 classe

361 1555 455 1625 iactis,
483 1552 591 1612 additis
625 1563 776 1631 praeterea
812 1554 891 1613 mille
921 1567 951 1614 et

362 1654 541 1734 octingentis
549 1652 682 1726 florenis,
691 1672 766 1730 quas
779 1654 948 1735 praedictus

363 1755 533 1816 Franciscus
570 1755 725 1832 Vendugus
765 1758 881 1835 aceepit
919 1756 949 1816 in

363 1857 527 1920 subsidium
542 1876 558 1915 a
574 1855 695 1916 domino
710 1856 747 1917 de
762 1860 838 1919 Bria.
859 1860 950 1918 Prae-

363 1960 457 2021 dictae
471 1971 538 2019 octo
553 1969 669 2017 turmae
685 1956 808 2018 suerunt
825 1960 949 2032 solutae,

363 2081 519 2141 quousque
531 2060 656 2120 fuerunt
666 2061 850 2132 amandatae,
861 2071 891 2121 et
907 2079 950 2132 ea,

362 2184 438 2243 quae
460 2176 524 2224 enat
546 2160 751 2233 Mondeviilae,
774 2162 847 2240 ejus,
869 2161 948 2240 quod

363 2269 392 2328 in
410 2268 465 2327 boe
479 2267 644 2343 regimento
668 2266 787 2330 monuit.
807 2265 947 2341 quemad-

362 2369 485 2429 modum
500 2378 552 2428 ost.
988 2365 1088 2426 stuttt
1103 2385 1164 2428 aon.
1180 2369 1219 2430 58
1235 2379 1270 2429 st.
1288 2369 1369 2430 bob.

403 2471 610 2550 Regimentum
626 2468 741 2526 comitis
760 2467 798 2525 do
820 2469 879 2526 Ros
895 2466 946 2527 ba·

363 2574 427 2632 buit
447 2573 546 2631 decem
563 2579 686 2641 tonans,
701 2569 812 2645 incepit
828 2588 944 2629 manere

361 2695 421 2736 xuu
435 2673 502 2735 maii
514 2673 584 2732 anni
603 2672 724 2744 txvtlt,
737 2671 794 2729 init
809 2670 948 2730 amanda·

362 2788 425 2837 tum
439 2796 475 2836 xv
487 2773 654 2835 decembris
667 2773 859 2847 insequentis,
867 2790 946 2831 aece-

362 2880 405 2956 pit
436 2899 451 2936 a
482 2873 632 2954 praedicto
662 2875 794 2933 solutore
823 2874 943 2952 triginta

362 2998 468 3040 novem
483 2977 563 3037 milis
579 2986 726 3035 trecentos
744 2972 942 3054 quadraginta

360 3092 426 3142 otto
454 3086 609 3138 coronatos
630 3076 750 3154 triginta
772 3094 824 3134 sex
849 3074 945 3134 stude-

359 3201 491 3260 1·oS,qua
509 3178 632 3258 pecunia
649 3188 678 3236 et
692 3175 819 3254 insuper
842 3175 944 3254 viginti

359 3305 466 3348 novem
480 3282 611 3344 miiiibus
621 3279 847 3360 quadringentis
859 3281 944 3356 quin·

359 3388 498 3467 quaginta
518 3384 652 3460 quinque
674 3379 796 3441 florenis
816 3381 943 3442 sedenim

358 3488 479 3549 stateris
504 3493 534 3545 et
559 3492 625 3543 aeto
650 3483 744 3541 obolis
771 3481 882 3544 eisdem
912 3483 943 3542 in

361 3606 458 3669 panno
470 3595 670 3646 mercatorum
685 3581 865 3662 consignatis
878 3601 943 3662 pen·

359 3693 487 3752 solutum
503 3687 545 3747 illi
560 3705 595 3746 ex
615 3686 732 3759 integro
754 3683 820 3744 suit.
984 3685 1083 3745 tutta
1098 3702 1157 3745 eoa.
1176 3688 1214 3746 56
1229 3695 1265 3745 st.

399 3790 608 3870 Regimeutum
620 3785 733 3845 domini
745 3783 781 3843 de
792 3785 943 3844 Blondeau

360 3893 464 3952 babuit
478 3892 611 3968 quinque
626 3897 749 3946 turmas.
765 3887 880 3946 Mei-eae
896 3885 942 3944 in·

360 3995 438 4073 oepit
458 4009 507 4051 vna
530 3989 598 4049 maii
613 3988 684 4048 anni
700 3985 825 4058 txvut,
837 4003 943 4048 uman-
