3118 4908
822 437 925 534 (6)

324 714 330 722 .
355 633 507 720 praedicto
528 635 775 694 Commendatore
794 635 903 694 Maiore
918 635 1098 694 solutionem
1121 635 1184 694 fieri
1211 647 1270 695 tam
1295 636 1383 695 sortis

355 755 444 814 quam
467 754 638 808 usurarum,
664 747 692 795 et
716 736 771 795 boc
792 736 890 815 ipsum
918 748 1017 812 postea
1040 735 1159 815 petierit
1179 736 1383 797 aconsiliariis

356 846 449 896 status
471 839 595 896 Vestrae
616 836 783 914 Majestatis,
806 838 856 912 qui
879 836 963 894 illum
985 835 1022 895 ad
1044 838 1181 896 Vestram
1204 837 1383 914 Majestatem

357 937 521 1008 remittunt,
536 953 638 1012 quare,
654 935 681 994 si·
700 934 917 1011 praedictarum
934 936 1084 993 rationum
1107 932 1201 992 finitio
1217 933 1385 1006 differatur,

357 1035 523 1113 praedictae
543 1054 650 1095 usurae
670 1035 891 1113 praecedentes,
912 1047 941 1094 ct
955 1052 1031 1110 quae
1046 1035 1077 1093 in
1097 1049 1249 1112 posterum
1267 1054 1385 1094 excres·
1425 1049 1440 1096 5

357 1146 425 1196 cent
436 1148 464 1196 et
475 1137 648 1214 apparuerit
660 1137 734 1194 iuste
746 1135 860 1209 deberi,
876 1137 998 1194 Vestrae
1009 1136 1168 1211 Majestatis
1177 1135 1263 1215 jussu
1275 1135 1386 1195 debent

358 1238 452 1296 exolvi
468 1238 561 1315 (salvo
581 1238 682 1296 calculi
704 1256 815 1308 errore,
835 1237 885 1312 qui
906 1236 1038 1296 incidere
1057 1238 1145 1296 ctiam
1161 1247 1261 1314 posset
1275 1237 1386 1314 quique

360 1335 440 1398 nulio
463 1351 594 1415 ternpore
615 1340 712 1397 valere
737 1338 825 1397 debet
852 1357 947 1414 neque
973 1357 1026 1415 pro
1052 1339 1115 1416 ipso
1137 1339 1267 1399 Lixatdio
1289 1358 1386 1415 neque

358 1448 459 1498 contra
475 1458 538 1498 rem
560 1440 668 1518 Regiae
685 1441 806 1498 Vestrae
830 1439 1009 1518 Majestatis),
1031 1440 1082 1516 qui
1105 1441 1250 1501 Lixaidius
1272 1441 1328 1500 uisi
1355 1441 1385 1498 in

360 1547 494 1616 tempore
515 1540 689 1598 satisfecerit
710 1541 756 1611 iis,
777 1539 886 1615 quibus
908 1541 944 1598 ad
967 1539 1143 1599 solvendum
1166 1551 1209 1600 est
1230 1538 1387 1619 obligatae,
1413 1549 1441 1596 to

359 1637 439 1699 haud
455 1640 544 1699 dubie
560 1650 649 1699 erunt
664 1639 704 1697 itti
722 1639 855 1710 modesti,
875 1641 1124 1716 quemadmodum
1140 1641 1284 1702 hactenus
1298 1661 1387 1720 saepe

360 1742 491 1812 suerunt,
505 1749 536 1799 et
550 1741 618 1816 quia
640 1741 758 1816 saepius
772 1751 903 1818 aegrotat
926 1753 955 1800 et
971 1753 1070 1817 posset
1090 1744 1166 1802 mori
1189 1743 1250 1802 suis
1265 1743 1388 1802 rationi-

346 1844 415 1902 'bus
435 1843 567 1901 nondum
591 1841 692 1911 finitis,
713 1854 836 1917 possunt
860 1842 948 1900 ctiam
970 1842 1010 1900 iili
1037 1843 1173 1902 excidere
1198 1843 1388 1920 casualiquo

360 1943 483 2002 fortuito
507 1940 610 2001 literae
635 1941 803 2018 originales
830 1961 902 2016 quas
931 1940 1020 2000 habet
1045 1940 1081 2001 ad
1107 1942 1225 2002 easdem
1249 1944 1388 2016 rationes,

361 2045 542 2104 necessariae
556 2043 647 2103 rebus
665 2043 836 2120 pracsertim
853 2043 960 2102 horum
980 2053 1111 2103 statuum
1127 2042 1166 2102 ita
1183 2045 1364 2123 perturbatis
1381 2065 1388 2103 :
1414 2055 1444 2102 te

362 2145 406 2204 bis
421 2146 566 2205 decausis
581 2145 712 2219 imprimi
735 2144 849 2201 curavit
866 2144 1029 2222 praedictas
1046 2145 1174 2204 rationes
1197 2155 1226 2204 et
1247 2147 1388 2223 perfunc-

361 2247 450 2306 torias
466 2263 568 2304 earum
585 2243 794 2320 inspectiones,
808 2252 841 2301 nt
852 2245 932 2301 omni
947 2253 1081 2320 tempore
1094 2247 1187 2323 possit
1197 2264 1261 2304 esse
1272 2256 1388 2317 netum,

360 2347 390 2407 iu
407 2365 465 2422 quo
486 2355 563 2404 statu
580 2345 651 2418 sint,
676 2362 773 2420 neque
788 2363 803 2401 a
827 2344 887 2402 suis
903 2343 1082 2403 haeredibus
1104 2358 1154 2404 aut
1171 2346 1389 2405 successoribus

361 2446 431 2507 alias
453 2444 583 2505 rationes
603 2446 760 2521 quisquam
785 2445 876 2522 possit
899 2456 1008 2522 petere,
1031 2465 1128 2522 neque
1150 2447 1204 2505 alia
1227 2445 1389 2525 scriptaad

361 2568 409 2608 eas
431 2546 620 2625 pertinentia,
646 2547 669 2604 si
695 2545 790 2621 aliqua
823 2545 899 2604 sorte
925 2545 1046 2604 fortuna
1069 2547 1289 2619 amitterentur,
1314 2567 1390 2623 qnae
1416 2561 1446 2608 ao

362 2651 425 2726 ipse
452 2647 566 2724 redegit
594 2647 623 2705 in
654 2646 814 2722 registrum
841 2656 869 2704 et
898 2647 1073 2705 auctoritate
1102 2647 1246 2707 auditoris
1277 2650 1389 2726 Paregu

362 2764 510 2810 asservata
530 2750 559 2807 in
582 2747 697 2810 duabus
719 2748 798 2806 cistis
814 2746 952 2824 deposuit
966 2747 997 2805 in
1016 2747 1137 2806 archivo
1160 2747 1241 2807 urbis
1258 2751 1393 2807 dntwer-

364 2856 477 2932 pinnae,
494 2862 526 2910 ut
541 2849 581 2908 ibi
604 2851 698 2909 tutius
717 2849 924 2922 adserventur,
946 2865 1044 2924 neque
1067 2848 1126 2908 ullo
1150 2860 1284 2927 ternpore
1305 2852 1390 2927 eulpa

364 2954 422 3014 utta
449 2952 541 3031 possit
561 2951 617 3029 ipsi
643 2950 794 3026 imputari,
823 2949 942 3025 quaudo
970 2966 1023 3025 pre
1052 2968 1104 3008 sna
1134 2963 1217 3026 parte
1246 2951 1392 3010 adbibue-

364 3058 402 3115 rit
430 3071 549 3114 omnem
580 3051 762 3130 diligentiam
795 3049 1001 3108 necessariam.
1026 3051 1128 3126 ltaque
1158 3062 1223 3110 orat
1255 3053 1391 3110 Vestram
1417 3034 1448 3107 nt

363 3157 545 3235 Majestatem
561 3151 724 3222 humiliter,
735 3150 840 3227 jubeat
856 3149 911 3208 sibi
928 3148 1065 3208 satisfieri
1081 3151 1117 3208 dc
1133 3152 1291 3228 praedictis
1307 3152 1391 3213 debi-

364 3259 410 3332 tis,
423 3265 455 3316 ut
468 3258 531 3332 ipse
547 3271 666 3331 quoque
684 3253 775 3327 possit
787 3250 849 3309 suis
863 3249 1061 3309 creditoribus
1077 3251 1246 3312 satisfacere
1260 3265 1290 3312 et
1305 3272 1393 3332 prae-

363 3361 458 3419 dictae
472 3374 580 3415 nsurae
594 3363 710 3413 cessent
726 3369 938 3429 progressurae
952 3348 1063 3426 alioqui
1078 3352 1114 3411 ad
1126 3353 1256 3414 rationes
1269 3356 1392 3414 Vestrae

365 3457 532 3536 btajestatis‚
547 3471 703 3531 quousque
724 3451 909 3510 debitoribus
931 3471 965 3509 ex
988 3453 1104 3532 integro
1127 3453 1164 3512 sit
1179 3456 1319 3529 solutum,
1335 3475 1392 3532 qua

364 3563 393 3619 in
409 3578 442 3618 re
456 3557 579 3634 accipiet
594 3556 726 3613 aVcstra
744 3551 893 3629 btajestate
907 3570 1057 3610 summum
1074 3553 1263 3614 beneficium.
