3118 4908
814 409 980 540 <nn

354 648 485 710 vembris
503 646 574 707 anni
594 646 679 708 Lxxl
702 645 936 724 quingentorum

352 757 574 812 coronatorum·
594 747 625 807 in
658 763 777 807 menses
804 747 938 822 singulos

352 849 470 912 dnobus
485 846 590 928 primis
605 845 759 907 mensibus
778 858 934 906 coronato·

354 969 422 1011 num
446 959 566 1010 centum
591 958 621 1008 et
646 947 747 1007 decem
769 945 932 1008 solidorum

351 1049 625 1124 Mediolanensium
656 1048 772 1127 reliquo
801 1059 936 1126 tempore

350 1162 560 1213 coronatorum
577 1149 696 1230 triginta
713 1168 820 1210 novem
840 1149 934 1210 sture-

350 1250 546 1324 eorumdum
562 1260 713 1331 pmeteren
732 1249 860 1324 cuidam,
883 1252 933 1328 qni

349 1375 417 1416 eum
432 1353 537 1435 viginti
553 1352 704 1432 equitibus
722 1353 806 1412 illum
823 1359 867 1412 est
885 1371 934 1412 eo·

350 1461 470 1516 miletus
493 1454 589 1515 tribus
611 1454 763 1514 mensibus
779 1463 808 1513 et
828 1453 931 1532 viginti

349 1565 463 1636 septem
478 1554 585 1616 diebus
599 1555 749 1632 stipendio
763 1567 883 1616 eentum
903 1568 932 1614 et

350 1659 468 1737 triginta
484 1664 549 1716 neto
564 1665 774 1716 coronatorum
786 1656 817 1716 in
834 1656 933 1734 singu·

348 1761 391 1820 los
401 1776 518 1818 menses
525 1756 629 1837 viginti
642 1767 755 1837 septem
769 1758 847 1817 mille
857 1774 931 1835 qus·

347 1860 499 1938 dringenu'
515 1859 730 1937 quinquaginta
746 1861 875 1936 quatuor
886 1877 932 1918 co·

345 1961 442 2021 renati
464 1958 583 2038 triginta
605 1969 671 2020 octo
693 1957 798 2020 sturmi
825 1968 855 2020 et
880 1978 930 2018 sex

346 2061 424 2122 oboli
439 2061 490 2141 (1).
751 2082 754 2087 ’
971 2057 1346 2120 enneconsssnsob.
1403 2081 1432 2128 45

388 2157 930 2222 AntonioGellindioCen-veinlio'Com·

349 2261 514 2324 mendatoni
548 2261 736 2340 Mngdalenae
769 2262 928 2338 inspectori

346 2364 476 2445 genemli
492 2361 625 2440 ejusdem
641 2362 787 2423 exereitus
804 2381 858 2439 pm
873 2362 927 2422 sti-

349 2467 456 2548 pendio
483 2485 553 2526 suae
580 2482 723 2543 personae
747 2472 777 2523 et
802 2463 930 2541 quodam

346 2567 461 2630 officiali
484 2566 629 2627 libem-um
651 2565 865 2645 (praepositum
882 2583 929 2625 m·

346 2671 460 2730 tionum
477 2678 548 2747 puto
563 2665 638 2744 esse)
653 2685 670 2726 a
685 2684 724 2725 xn
744 2665 842 2725 martii
858 2666 928 2724 enni

347 2769 448 2830 LXVII
470 2786 564 2847 usque
591 2767 627 2827 nd
653 2785 742 2826 xxvm
764 2765 830 2843 julii
856 2766 926 2825 enni

344 2871 443 2942 LXIX,
457 2887 516 2946 qno
530 2886 565 2927 eo
579 2865 676 2927 officio
691 2865 748 2925 ruit
762 2865 926 2938 abdicatus,

344 2969 492 3048 stipendio
503 2977 621 3028 eentum
637 2975 667 3026 et
677 2966 832 3026 duodecim
845 2984 928 3025 eono-

345 3081 481 3130 natoenm
503 3067 627 3147 singulis
642 3066 805 3138 mensibus,
826 3066 928 3126 videli-

342 3183 389 3233 eet
403 3182 524 3232 centnm
535 3189 589 3248 pro
604 3188 656 3228 sun
669 3187 796 3248 persona
812 3178 842 3226 et
856 3168 928 3228 duo-

343 3271 436 3332 decim
450 3289 505 3351 pm
516 3269 565 3329 illo
576 3267 701 3340 officiali,
709 3279 738 3328 et
750 3286 804 3348 pm
816 3266 925 3327 dnode-

342 3374 398 3431 eim
414 3370 587 3431 satellitibus
603 3388 673 3428 suae
688 3367 838 3429 custodiae
853 3388 868 3427 a
887 3387 925 3428 ιιι

341 3471 506 3532 decembris
534 3469 603 3528 enni
633 3470 733 3528 nxvn
768 3488 861 3546 usque
889 3469 926 3528 ed

342 3593 430 3632 xxvm
452 3571 530 3649 junii
558 3571 628 3630 anni
658 3572 747 3629 LXIX
774 3569 923 3648 stipendio

380 3917 418 3989 (Ι)
440 3918 459 3970 ΙΙ
479 3917 580 3970 semble
599 3932 651 3987 que
669 3924 736 3970 nette
755 3932 856 3969 somme
874 3916 925 3968 soit
945 3923 1006 3985 trop
1021 3916 1104 3984 petite
1119 3931 1152 3967 en
1169 3915 1194 3967 le
1209 3920 1368 3981 comparant

337 4031 389 4066 nux
405 4012 465 4066 faits
479 4011 682 4081 communiques
694 4013 761 4064 dans
773 4013 797 4064 le
813 4019 892 4064 texte.
944 4039 946 4042 ·
