3144 4920
798 377 811 471 (
840 375 952 474 124)

392 576 438 636 tt»
464 575 569 638 eodem
598 573 744 634 Thomaso
775 574 874 635 Fiesco
894 576 937 636 .in

352 678 459 758 pannis
489 676 604 737 traditis
630 676 796 755 regimento
825 674 937 736 domini
1251 739 1254 742 ,
1303 711 1323 727 -.

351 783 388 841 de
404 779 543 840 Beaurois
565 797 604 839 rm
626 777 701 838 febr,
716 777 787 838 anni
807 780 933 841 LXXlll.
978 782 1077 844 totto
1092 801 1152 844 cor.
1168 788 1206 846 35
1225 794 1262 847 at.
1281 789 1283 795 '

392 881 437 941 th
450 881 553 943 eodem
567 898 622 959 pro
632 879 860 958 quadringentis
872 898 936 940 ves·

352 982 430 1042 tibus
452 1001 506 1060 pro
529 981 708 1059 quibusdam
726 981 863 1060 llispanis
884 983 937 1040 mi·
1015 1043 1016 1048 ,

350 1084 451 1144 litibus
465 1083 597 1162 ejusdem
614 1082 772 1143 exereitus.
973 1086 1056 1145 tter
1071 1105 1129 1147 cor.
1146 1089 1186 1147 2⁶2
1200 1101 1236 1148 st.

381 1323 460 1384 Atta.
478 1325 637 1403 Ingressus
649 1340 707 1398 pro
721 1318 899 1401 egressibus.
983 1372 984 1376 ,

392 1495 434 1555 Ad
457 1495 558 1553 literas
573 1493 662 1553 Ducis
684 1493 787 1553 Albani
809 1514 847 1554 xx
867 1493 935 1572 julii

350 1595 936 1674 anniLXXlldatasquadringentisexa·

349 1698 430 1776 ginta
445 1715 538 1757 unum
554 1695 635 1755 mille
646 1697 808 1775 octingenti
821 1707 935 1776 septem

350 1799 458 1860 floreni
480 1818 547 1858 cum
570 1797 694 1858 dimidio
719 1801 822 1879 viginti
847 1801 939 1860 stuie·

351 1921 466 1976 rorum,
487 1920 560 1978 quns
582 1899 786 1961 Fordinandus
801 1902 839 1961 de
853 1902 935 1961 Frias

350 2005 486 2065 Gevallos
498 2003 672 2080 *aritieipavit
692 2023 707 2062 a
728 2003 854 2063 diversis
871 2023 936 2081 per·

350 2107 441 2175 sonia,
474 2116 563 2182 prout
598 2116 722 2182 apparet
756 2105 786 2164 in
823 2105 934 2164 eisdem

349 2207 456 2266 litteris
482 2205 622 2264 tredecim
650 2207 784 2278 suminis,
805 2225 881 2283 quac
909 2209 936 2265 in

350 2305 454 2366 eadem
471 2306 565 2364 lo'rma
581 2305 687 2364 referri
704 2306 815 2366 debent
830 2308 859 2366 in
876 2306 938 2366 dis·

352 2407 515 2468 tributione
532 2407 637 2466 harum
650 2408 810 2468 rationum.
976 2411 1097 2471 ramat
1112 2431 1172 2472 cor.
1191 2415 1228 2474 ll
1243 2425 1280 2474 st.

392 2509 436 2569 Ad
464 2509 534 2569 alias
563 2511 662 2570 literas
691 2511 772 2569 datas
802 2531 839 2569 xv
868 2511 934 2589 julii

351 2613 421 2673 anni
438 2613 553 2671 LXXlll
574 2611 612 2670 ad
633 2623 806 2688 quaestores
821 2611 936 2692 stipen-

350 2716 390 2775 dii
405 2716 561 2783 exereitus,
575 2727 608 2774 ut
620 2734 753 2774 summae
766 2715 795 2774 in
813 2717 854 2775 eis
870 2735 937 2775 con·

351 2827 449 2877 tentae
470 2815 636 2876 debitorem
653 2815 785 2875 lacerent
805 2815 933 2876 eundem

350 2917 512 2977 solutorem
534 2928 564 2975 et
585 2917 672 2974 simul
694 2916 825 2975 lacerent
840 2916 937 2975 credi-

352 3031 447 3079 torem
460 3019 599 3077 millionis
612 3017 700 3076 unius
711 3030 832 3078 centurn
847 3019 935 3094 quin·

351 3122 492 3199 quaginta
519 3119 599 3178 mille
624 3118 822 3178 ducentorum
848 3119 937 3195 quiu-
1004 3125 1006 3128 ’

350 3223 492 3301 quaginta
512 3240 563 3280 sex
582 3228 791 3278 coronatorum
807 3219 934 3278 sedecim

351 3323 535 3385 etulerorum
556 3322 674 3400 triginta
691 3339 797 3380 norem
813 3321 934 3381 stuleris

351 3429 381 3488 in
397 3428 538 3507 singulos.
554 3427 649 3500 Quam
663 3444 809 3485 summam
825 3424 935 3484 diversi

352 3539 531 3591 mercatores
552 3526 753 3606 anticiparunt
777 3527 814 3586 ad
835 3527 934 3586 literas

352 3631 456 3692 cambii
476 3650 511 3689 ex
534 3630 672 3707 llispania
687 3629 788 3688 allatas
803 3627 839 3687 ad
855 3628 936 3688 solu·

352 3733 446 3792 tiones
470 3730 673 3790 nundinarum
701 3728 845 3808 paschalis
867 3729 936 3787 anni

352 3834 453 3893 LXllll
474 3845 504 3892 et
519 3832 597 3910 junii
618 3829 689 3890 anni
706 3829 830 3902 txxttt
846 3848 934 3906 quam

351 3935 592 4013 anticipationem
621 3935 763 4013 pecuniae
799 3932 934 3991 lecerunt
