3134 4926
558 408 563 416 a

636 447 759 541 (37)

189 649 280 709 Ducis
294 645 399 708 Albani
413 648 519 707 missae
529 658 600 707 sunt
610 648 641 706 in
655 647 777 720 italiam,

190 748 777 829 usqueadiinemnovambnisanniLXX‚

189 862 266 927 nata,
276 855 354 929 quae
368 859 546 910 manserunt
559 858 589 910 et
606 850 733 910 militant
746 850 775 910 in

192 952 238 1012 his
259 951 394 1022 statibus,
420 970 515 1030 usque
539 951 575 1010 nd
598 970 636 1012 xv
661 953 779 1030 augusti

152 1063 167 1110 t
191 1052 324 1131 ejusdem
336 1053 406 1112 anni
417 1052 642 1131 LXX‚1·eiiquaa
653 1050 777 1135 sciolipe·

192 1154 511 1233 turiurumpraedietae
522 1154 672 1214 custodiae
683 1174 777 1232 usque

191 1254 228 1316 ud
257 1255 346 1316 finem
379 1256 558 1333 septembris
591 1257 776 1333 insequentis

191 1358 313 1419 inclusis
327 1377 397 1438 ergo
408 1359 526 1418 duobus
538 1359 669 1419 tniiiibus
685 1360 775 1419 octin-

192 1460 287 1539 gentis
302 1471 331 1520 et
344 1460 558 1539 quinquaginta
582 1462 729 1520 coronatis
749 1470 779 1521 et

138 1578 168 1627 to
192 1561 418 1640 quatuordecim
430 1562 551 1622 stuieris
561 1581 630 1622 aum
642 1561 777 1635 dimidia,

191 1663 242 1742 qui
257 1662 317 1723 dati
332 1675 404 1723 sunt
414 1662 539 1724 ducibus
553 1664 642 1724 trium
659 1666 775 1727 ilianum

193 1775 455 1843 turmarumquae
467 1775 617 1826 venerunt
629 1786 664 1826 ex
677 1767 779 1842 Gallia,

193 1876 221 1926 et
233 1864 390 1948 praedietis
402 1866 507 1927 Sannio
520 1867 557 1926 de
566 1867 647 1926 Avila
660 1877 689 1928 et
700 1870 780 1947 Lupo

193 1967 781 2048 deAeunaadeniiigendumsuastutmas

143 2086 172 2132 ta
196 2073 282 2149 (quae
305 2069 428 2149 pecunia
450 2069 621 2130 deducenda
642 2072 698 2130 ittis
721 2091 779 2131 non

195 2180 240 2230 est
267 2188 301 2229 aa
325 2170 387 2230 suis
409 2169 566 2250 stipendiis
596 2184 783 2250 sumptuum,

192 2290 268 2350 quus
303 2272 333 2331 in
368 2290 401 2330 ea
438 2290 471 2331 ae
507 2271 654 2346 iecerunt,
681 2272 780 2334 habita

195 2373 320 2450 ratione)
333 2372 453 2432 inclusis
462 2384 615 2451 praeterea
624 2373 781 2453 stipendiis

195 2475 328 2554 ejusdem
355 2476 582 2536 locumtenentis
603 2487 633 2537 et
655 2478 780 2538 alianum

142 2595 172 2644 ρο
196 2575 365 2636 officialium
401 2577 533 2655 ejusdam
570 2578 721 2654 equitatus
754 2593 784 2639 at

194 2676 364 2756 aliquorum
385 2677 494 2738 ducum
517 2688 545 2738 at
570 2680 708 2760 militum,
731 2681 781 2756 qui

196 2781 321 2840 suerunt
334 2779 484 2840 amandati
500 2799 535 2841 ex
552 2781 668 2860 integro
686 2799 781 2858 pama-

197 2881 260 2943 tuti.
288 2882 409 2941 Summa
439 2891 497 2942 tata
523 2892 568 2942 est
592 2902 599 2941 :
630 2883 784 2962 quingenti

197 2982 384 3062 septuaginta
406 2982 538 3059 quinqua
561 2983 641 3042 tniiie
663 2983 783 3042 ducenti

144 3102 173 3152 aa
197 3093 226 3143 et
247 3085 396 3163 sexaginta
418 3082 477 3144 duo
498 3085 631 3144 coronati
652 3086 786 3164 triginta·

198 3197 325 3262 quatuor
349 3186 454 3246 stuieti
482 3197 511 3245 at
528 3198 594 3246 ueta
614 3187 704 3259 obuli,
732 3188 782 3264 qui

197 3289 345 3349 numerati
358 3298 431 3348 sunt
445 3289 481 3346 ab
499 3289 604 3348 eodem
619 3288 760 3349 solutore.
822 3289 942 3350 stium
955 3307 1015 3349 aar.
1029 3291 1068 3350 54
1080 3301 1118 3351 st.
1132 3291 1173 3350 80
1184 3291 1231 3352 nb.

221 3513 412 3598 Stipendium
427 3515 578 3596 equitatus
593 3519 759 3592 superioris

386 3617 592 3699 Burgundios.

145 3794 174 3843 30
238 3777 384 3841 Dominus
409 3779 616 3841 declamauit
647 3777 718 3838 baso
745 3776 782 3837 de

199 3883 325 3944 Xibraus
340 3881 479 3942 daminus
494 3880 531 3940 de
546 3881 635 3961 Vesgi
650 3890 679 3939 et
690 3880 784 3940 dami-

197 4003 255 4045 nus
269 3983 306 4043 de
321 3984 383 4062 Ray
395 3982 561 4042 militarunt
573 3981 699 4059 quisque
712 3999 782 4043 eum
