<?xml version="1.0" encoding="UTF-8"?>
<!DOCTYPE html PUBLIC "-//W3C//DTD XHTML 1.0 Transitional//EN"
    "http://www.w3.org/TR/xhtml1/DTD/xhtml1-transitional.dtd">
<html xmlns="http://www.w3.org/1999/xhtml" xml:lang="en" lang="en">
 <head>
  <title>
</title>
<meta http-equiv="Content-Type" content="text/html;charset=utf-8" />
  <meta name='ocr-system' content='tesseract 3.04.00' />
  <meta name='ocr-capabilities' content='ocr_page ocr_carea ocr_par ocr_line ocrx_word'/>
</head>
<body>
  <div class='ocr_page' id='page_1' title='image "./leregistredefra00lixagoog_0098.png"; bbox 0 0 3134 4926; ppageno 0'>
   <div class='ocr_carea' id='block_1_1' title="bbox 817 387 948 487">
    <p class='ocr_par' dir='ltr' id='par_1_1' title="bbox 817 387 948 487">
     <span class='ocr_line' id='line_1_1' title="bbox 817 387 948 487; baseline -0.023 0"><span class='ocrx_word' id='word_1_1' title='bbox 817 387 948 487; x_wconf 71' lang='lat'><em>(82)</em></span> 
     </span>
    </p>
   </div>
   <div class='ocr_carea' id='block_1_2' title="bbox 398 586 1044 667">
    <p class='ocr_par' dir='ltr' id='par_1_2' title="bbox 398 586 1044 667">
     <span class='ocr_line' id='line_1_2' title="bbox 398 586 1044 667; baseline 0.003 -21"><span class='ocrx_word' id='word_1_2' title='bbox 398 589 455 646; x_wconf 84' lang='lat' dir='ltr'><strong>Pro</strong></span> <span class='ocrx_word' id='word_1_3' title='bbox 470 586 608 664; x_wconf 80' lang='lat' dir='ltr'>expensis</span> <span class='ocrx_word' id='word_1_4' title='bbox 624 587 653 644; x_wconf 90' lang='lat' dir='ltr'><strong>in</strong></span> <span class='ocrx_word' id='word_1_5' title='bbox 669 587 761 646; x_wconf 89' lang='lat' dir='ltr'><strong>classe</strong></span> <span class='ocrx_word' id='word_1_6' title='bbox 777 587 869 660; x_wconf 83' lang='lat' dir='ltr'><strong>tectis,</strong></span> <span class='ocrx_word' id='word_1_7' title='bbox 882 608 940 667; x_wconf 88' lang='lat' dir='ltr'><strong>qua</strong></span> <span class='ocrx_word' id='word_1_8' title='bbox 1042 651 1044 658; x_wconf 58' lang='grc'><strong><em>,</em></strong></span> 
     </span>
    </p>
   </div>
   <div class='ocr_carea' id='block_1_3' title="bbox 265 687 944 1877">
    <p class='ocr_par' dir='ltr' id='par_1_3' title="bbox 265 687 944 1877">
     <span class='ocr_line' id='line_1_3' title="bbox 355 687 944 767; baseline 0.007 -21"><span class='ocrx_word' id='word_1_9' title='bbox 355 691 491 748; x_wconf 75' lang='lat' dir='ltr'>Maiestas</span> <span class='ocrx_word' id='word_1_10' title='bbox 507 688 636 767; x_wconf 78' lang='lat' dir='ltr'>Reginae</span> <span class='ocrx_word' id='word_1_11' title='bbox 654 706 722 746; x_wconf 91' lang='lat' dir='ltr'><strong>cum</strong></span> <span class='ocrx_word' id='word_1_12' title='bbox 744 687 944 750; x_wconf 77' lang='lat' dir='ltr'><strong>serenissimis</strong></span> 
     </span>
     <span class='ocr_line' id='line_1_4' title="bbox 353 788 942 866; baseline 0.002 -17"><span class='ocrx_word' id='word_1_13' title='bbox 353 788 544 866; x_wconf 81' lang='lat' dir='ltr'><strong>Principibus</strong></span> <span class='ocrx_word' id='word_1_14' title='bbox 560 788 723 849; x_wconf 89' lang='lat' dir='ltr'><strong>Bohemicis</strong></span> <span class='ocrx_word' id='word_1_15' title='bbox 738 789 830 865; x_wconf 91' lang='lat' dir='ltr'><strong>ipsius</strong></span> <span class='ocrx_word' id='word_1_16' title='bbox 846 790 942 850; x_wconf 85' lang='lat' dir='ltr'><strong>iratri-</strong></span> 
     </span>
     <span class='ocr_line' id='line_1_5' title="bbox 354 890 939 970; baseline 0.003 -20"><span class='ocrx_word' id='word_1_17' title='bbox 354 891 410 950; x_wconf 85' lang='lat' dir='ltr'><strong>bus</strong></span> <span class='ocrx_word' id='word_1_18' title='bbox 422 890 571 970; x_wconf 82' lang='lat' dir='ltr'><strong>navignvit</strong></span> <span class='ocrx_word' id='word_1_19' title='bbox 581 890 619 950; x_wconf 87' lang='lat' dir='ltr'><strong>ab</strong></span> <span class='ocrx_word' id='word_1_20' title='bbox 631 890 677 949; x_wconf 91' lang='lat' dir='ltr'><strong>his</strong></span> <span class='ocrx_word' id='word_1_21' title='bbox 689 891 815 950; x_wconf 86' lang='lat' dir='ltr'><strong>statibus</strong></span> <span class='ocrx_word' id='word_1_22' title='bbox 828 891 857 949; x_wconf 92' lang='lat' dir='ltr'><strong>in</strong></span> <span class='ocrx_word' id='word_1_23' title='bbox 873 893 939 952; x_wconf 85' lang='lat' dir='ltr'><strong>Mis-</strong></span> 
     </span>
     <span class='ocr_line' id='line_1_6' title="bbox 352 991 937 1071; baseline 0.003 -21"><span class='ocrx_word' id='word_1_24' title='bbox 352 991 486 1068; x_wconf 89' lang='lat' dir='ltr'><strong>paniam‚</strong></span> <span class='ocrx_word' id='word_1_25' title='bbox 542 1002 661 1050; x_wconf 88' lang='lat' dir='ltr'><strong>centum</strong></span> <span class='ocrx_word' id='word_1_26' title='bbox 723 993 937 1071; x_wconf 75' lang='lat' dir='ltr'><strong>quinquaginta</strong></span> 
     </span>
     <span class='ocr_line' id='line_1_7' title="bbox 352 1090 938 1171; baseline 0.003 -20"><span class='ocrx_word' id='word_1_27' title='bbox 352 1110 458 1152; x_wconf 86' lang='lat' dir='ltr'><strong>novem</strong></span> <span class='ocrx_word' id='word_1_28' title='bbox 494 1090 575 1151; x_wconf 87' lang='lat' dir='ltr'><strong>mitte</strong></span> <span class='ocrx_word' id='word_1_29' title='bbox 611 1092 791 1171; x_wconf 75' lang='lat' dir='ltr'><strong>septingenti</strong></span> <span class='ocrx_word' id='word_1_30' title='bbox 830 1111 938 1153; x_wconf 88' lang='lat' dir='ltr'><strong>novem</strong></span> 
     </span>
     <span class='ocr_line' id='line_1_8' title="bbox 350 1195 936 1274; baseline -0.002 -20"><span class='ocrx_word' id='word_1_31' title='bbox 350 1195 477 1254; x_wconf 84' lang='lat' dir='ltr'><strong>coronati</strong></span> <span class='ocrx_word' id='word_1_32' title='bbox 509 1195 651 1274; x_wconf 76' lang='lat' dir='ltr'><strong>tringinta</strong></span> <span class='ocrx_word' id='word_1_33' title='bbox 680 1203 795 1272; x_wconf 84' lang='lat' dir='ltr'><strong>septem</strong></span> <span class='ocrx_word' id='word_1_34' title='bbox 829 1195 936 1254; x_wconf 84' lang='lat' dir='ltr'><strong>stuteri</strong></span> 
     </span>
     <span class='ocr_line' id='line_1_9' title="bbox 349 1295 938 1371; baseline 0 -17"><span class='ocrx_word' id='word_1_35' title='bbox 349 1314 455 1355; x_wconf 88' lang='lat' dir='ltr'><strong>novem</strong></span> <span class='ocrx_word' id='word_1_36' title='bbox 467 1295 639 1371; x_wconf 88' lang='lat' dir='ltr'><strong>oboii‚qnae</strong></span> <span class='ocrx_word' id='word_1_37' title='bbox 648 1296 771 1371; x_wconf 87' lang='lat' dir='ltr'><strong>pecunia</strong></span> <span class='ocrx_word' id='word_1_38' title='bbox 781 1295 938 1355; x_wconf 88' lang='lat' dir='ltr'><strong>distributa</strong></span> 
     </span>
     <span class='ocr_line' id='line_1_10' title="bbox 347 1394 938 1473; baseline 0.003 -19"><span class='ocrx_word' id='word_1_39' title='bbox 347 1396 404 1456; x_wconf 85' lang='lat' dir='ltr'><strong>fuit</strong></span> <span class='ocrx_word' id='word_1_40' title='bbox 438 1413 490 1472; x_wconf 88' lang='lat' dir='ltr'><strong>per</strong></span> <span class='ocrx_word' id='word_1_41' title='bbox 526 1394 723 1473; x_wconf 75' lang='lat' dir='ltr'><strong>chirographa</strong></span> <span class='ocrx_word' id='word_1_42' title='bbox 753 1397 867 1455; x_wconf 91' lang='lat' dir='ltr'><strong>comitis</strong></span> <span class='ocrx_word' id='word_1_43' title='bbox 901 1396 938 1456; x_wconf 86' lang='lat' dir='ltr'><strong>dc</strong></span> 
     </span>
     <span class='ocr_line' id='line_1_11' title="bbox 347 1496 934 1572; baseline 0.002 -16"><span class='ocrx_word' id='word_1_44' title='bbox 347 1499 460 1556; x_wconf 87' lang='lat' dir='ltr'><strong>Boussu</strong></span> <span class='ocrx_word' id='word_1_45' title='bbox 473 1496 630 1556; x_wconf 86' lang='lat' dir='ltr'><strong>ammiraiii</strong></span> <span class='ocrx_word' id='word_1_46' title='bbox 642 1496 776 1572; x_wconf 88' lang='lat' dir='ltr'><strong>ejusdcm</strong></span> <span class='ocrx_word' id='word_1_47' title='bbox 789 1497 889 1556; x_wconf 82' lang='lat' dir='ltr'><strong>classis</strong></span> <span class='ocrx_word' id='word_1_48' title='bbox 905 1508 934 1557; x_wconf 88' lang='lat' dir='ltr'><strong>et</strong></span> 
     </span>
     <span class='ocr_line' id='line_1_12' title="bbox 345 1594 932 1657; baseline 0.002 -2"><span class='ocrx_word' id='word_1_49' title='bbox 345 1597 457 1656; x_wconf 87' lang='lat' dir='ltr'><strong>domini</strong></span> <span class='ocrx_word' id='word_1_50' title='bbox 499 1598 536 1655; x_wconf 77' lang='lat' dir='ltr'><strong>cie</strong></span> <span class='ocrx_word' id='word_1_51' title='bbox 579 1594 737 1655; x_wconf 85' lang='lat' dir='ltr'><strong>lndevctde</strong></span> <span class='ocrx_word' id='word_1_52' title='bbox 772 1596 932 1657; x_wconf 87' lang='lat' dir='ltr'><strong>consiliarii</strong></span> 
     </span>
     <span class='ocr_line' id='line_1_13' title="bbox 265 1698 930 1777; baseline 0.003 -19"><span class='ocrx_word' id='word_1_53' title='bbox 265 1758 269 1768; x_wconf 80' lang='grc'><strong>,</strong></span> <span class='ocrx_word' id='word_1_54' title='bbox 347 1699 454 1777; x_wconf 77' lang='lat' dir='ltr'><strong>Regiae</strong></span> <span class='ocrx_word' id='word_1_55' title='bbox 466 1699 623 1758; x_wconf 77' lang='lat' dir='ltr'><strong>Maiestatis</strong></span> <span class='ocrx_word' id='word_1_56' title='bbox 639 1709 668 1758; x_wconf 89' lang='lat' dir='ltr'><strong>et</strong></span> <span class='ocrx_word' id='word_1_57' title='bbox 682 1698 846 1758; x_wconf 88' lang='lat' dir='ltr'><strong>comissarii</strong></span> <span class='ocrx_word' id='word_1_58' title='bbox 859 1718 930 1776; x_wconf 91' lang='lat' dir='ltr'><strong>pro·</strong></span> 
     </span>
     <span class='ocr_line' id='line_1_14' title="bbox 344 1793 933 1877; baseline 0.002 -18"><span class='ocrx_word' id='word_1_59' title='bbox 344 1800 491 1860; x_wconf 87' lang='lat' dir='ltr'><strong>curatoris</strong></span> <span class='ocrx_word' id='word_1_60' title='bbox 503 1800 636 1877; x_wconf 87' lang='lat' dir='ltr'><strong>ejusdem</strong></span> <span class='ocrx_word' id='word_1_61' title='bbox 653 1800 752 1860; x_wconf 88' lang='lat' dir='ltr'><strong>classis</strong></span> <span class='ocrx_word' id='word_1_62' title='bbox 766 1793 796 1860; x_wconf 82' lang='lat' dir='ltr'><strong>et</strong></span> <span class='ocrx_word' id='word_1_63' title='bbox 810 1802 933 1860; x_wconf 77' lang='lat' dir='ltr'><strong>ioannis</strong></span> 
     </span>
    </p>
   </div>
   <div class='ocr_carea' id='block_1_4' title="bbox 345 1901 1020 1979">
    <p class='ocr_par' dir='ltr' id='par_1_4' title="bbox 345 1901 1020 1979">
     <span class='ocr_line' id='line_1_15' title="bbox 345 1901 1020 1979; baseline 0.007 -19"><span class='ocrx_word' id='word_1_64' title='bbox 345 1901 934 1979; x_wconf 73' lang='lat' dir='ltr'><strong>MotenidomuspraciectiDucisnibani‚</strong></span> <span class='ocrx_word' id='word_1_65' title='bbox 1018 1922 1020 1925; x_wconf 83' lang='lat'>·</span> 
     </span>
    </p>
   </div>
   <div class='ocr_carea' id='block_1_5' title="bbox 319 2005 970 4000">
    <p class='ocr_par' dir='ltr' id='par_1_5' title="bbox 319 2005 970 4000">
     <span class='ocr_line' id='line_1_16' title="bbox 340 2005 930 2083; baseline 0.002 -20"><span class='ocrx_word' id='word_1_66' title='bbox 340 2005 392 2082; x_wconf 88' lang='lat' dir='ltr'><strong>qni</strong></span> <span class='ocrx_word' id='word_1_67' title='bbox 413 2005 500 2082; x_wconf 88' lang='lat' dir='ltr'><strong>jussu</strong></span> <span class='ocrx_word' id='word_1_68' title='bbox 533 2022 586 2064; x_wconf 89' lang='lat' dir='ltr'><strong>suo</strong></span> <span class='ocrx_word' id='word_1_69' title='bbox 617 2005 732 2083; x_wconf 81' lang='lat' dir='ltr'><strong>privato</strong></span> <span class='ocrx_word' id='word_1_70' title='bbox 760 2005 930 2083; x_wconf 86' lang='lat' dir='ltr'><strong>procuravit</strong></span> 
     </span>
     <span class='ocr_line' id='line_1_17' title="bbox 340 2102 928 2166; baseline 0 -2"><span class='ocrx_word' id='word_1_71' title='bbox 340 2105 503 2165; x_wconf 84' lang='lat' dir='ltr'><strong>necessaria</strong></span> <span class='ocrx_word' id='word_1_72' title='bbox 516 2106 614 2164; x_wconf 90' lang='lat' dir='ltr'><strong>omnia</strong></span> <span class='ocrx_word' id='word_1_73' title='bbox 626 2124 760 2164; x_wconf 87' lang='lat' dir='ltr'><strong>camerac</strong></span> <span class='ocrx_word' id='word_1_74' title='bbox 772 2116 800 2164; x_wconf 93' lang='lat' dir='ltr'><strong>et</strong></span> <span class='ocrx_word' id='word_1_75' title='bbox 816 2102 928 2166; x_wconf 85' lang='lat' dir='ltr'><strong>servitii</strong></span> 
     </span>
     <span class='ocr_line' id='line_1_18' title="bbox 338 2205 928 2284; baseline -0.002 -19"><span class='ocrx_word' id='word_1_76' title='bbox 338 2206 446 2284; x_wconf 73' lang='lat' dir='ltr'><strong>Regiae</strong></span> <span class='ocrx_word' id='word_1_77' title='bbox 473 2205 631 2265; x_wconf 83' lang='lat' dir='ltr'><strong>Maiestatis</strong></span> <span class='ocrx_word' id='word_1_78' title='bbox 654 2218 683 2265; x_wconf 91' lang='lat' dir='ltr'><strong>ct</strong></span> <span class='ocrx_word' id='word_1_79' title='bbox 709 2205 928 2284; x_wconf 86' lang='lat' dir='ltr'><strong>praedictorum</strong></span> 
     </span>
     <span class='ocr_line' id='line_1_19' title="bbox 338 2305 926 2385; baseline 0.003 -21"><span class='ocrx_word' id='word_1_80' title='bbox 338 2307 516 2385; x_wconf 84' lang='lat' dir='ltr'><strong>principum.</strong></span> <span class='ocrx_word' id='word_1_81' title='bbox 538 2307 680 2366; x_wconf 76' lang='lat' dir='ltr'><strong>Universa</strong></span> <span class='ocrx_word' id='word_1_82' title='bbox 707 2305 779 2365; x_wconf 88' lang='lat' dir='ltr'><strong>haec</strong></span> <span class='ocrx_word' id='word_1_83' title='bbox 803 2306 926 2384; x_wconf 88' lang='lat' dir='ltr'><strong>pecunia</strong></span> 
     </span>
     <span class='ocr_line' id='line_1_20' title="bbox 336 2399 970 2486; baseline 0.002 -19"><span class='ocrx_word' id='word_1_84' title='bbox 336 2408 469 2486; x_wconf 88' lang='lat' dir='ltr'><strong>injuncta</strong></span> <span class='ocrx_word' id='word_1_85' title='bbox 505 2406 560 2467; x_wconf 82' lang='lat' dir='ltr'><strong>nn</strong></span> <span class='ocrx_word' id='word_1_86' title='bbox 595 2407 721 2466; x_wconf 89' lang='lat' dir='ltr'><strong>Martino</strong></span> <span class='ocrx_word' id='word_1_87' title='bbox 755 2406 858 2468; x_wconf 85' lang='lat' dir='ltr'><strong>Ruisio</strong></span> <span class='ocrx_word' id='word_1_88' title='bbox 888 2407 924 2468; x_wconf 90' lang='lat' dir='ltr'><strong>de</strong></span> <span class='ocrx_word' id='word_1_89' title='bbox 968 2399 970 2402; x_wconf 33' lang='lat'>⁵</span> 
     </span>
     <span class='ocr_line' id='line_1_21' title="bbox 333 2507 921 2592; baseline 0 -24"><span class='ocrx_word' id='word_1_90' title='bbox 333 2508 428 2583; x_wconf 83' lang='lat' dir='ltr'><strong>Lariz,</strong></span> <span class='ocrx_word' id='word_1_91' title='bbox 448 2509 499 2586; x_wconf 90' lang='lat' dir='ltr'><strong>qui</strong></span> <span class='ocrx_word' id='word_1_92' title='bbox 522 2507 643 2567; x_wconf 88' lang='lat' dir='ltr'><strong>nomine.</strong></span> <span class='ocrx_word' id='word_1_93' title='bbox 666 2507 759 2592; x_wconf 85' lang='lat' dir='ltr'><strong>ipsius</strong></span> <span class='ocrx_word' id='word_1_94' title='bbox 780 2507 921 2568; x_wconf 87' lang='lat' dir='ltr'><strong>soluturis</strong></span> 
     </span>
     <span class='ocr_line' id='line_1_22' title="bbox 334 2608 923 2680; baseline -0.002 -10"><span class='ocrx_word' id='word_1_95' title='bbox 334 2609 588 2680; x_wconf 75' lang='lat' dir='ltr'><strong>illamdistribnit,</strong></span> <span class='ocrx_word' id='word_1_96' title='bbox 610 2609 743 2668; x_wconf 86' lang='lat' dir='ltr'><strong>rationes</strong></span> <span class='ocrx_word' id='word_1_97' title='bbox 759 2628 830 2669; x_wconf 89' lang='lat' dir='ltr'><strong>vero</strong></span> <span class='ocrx_word' id='word_1_98' title='bbox 854 2608 923 2669; x_wconf 83' lang='lat' dir='ltr'><strong>fue-</strong></span> 
     </span>
     <span class='ocr_line' id='line_1_23' title="bbox 331 2710 921 2790; baseline -0.002 -20"><span class='ocrx_word' id='word_1_99' title='bbox 331 2723 404 2772; x_wconf 90' lang='lat' dir='ltr'><strong>runt</strong></span> <span class='ocrx_word' id='word_1_100' title='bbox 422 2721 559 2790; x_wconf 79' lang='lat' dir='ltr'><strong>acceptae</strong></span> <span class='ocrx_word' id='word_1_101' title='bbox 579 2729 595 2770; x_wconf 91' lang='lat' dir='ltr'><strong>a</strong></span> <span class='ocrx_word' id='word_1_102' title='bbox 616 2711 731 2770; x_wconf 79' lang='lat' dir='ltr'><strong>toanne</strong></span> <span class='ocrx_word' id='word_1_103' title='bbox 746 2710 921 2769; x_wconf 86' lang='lat' dir='ltr'><strong>Navarretio</strong></span> 
     </span>
     <span class='ocr_line' id='line_1_24' title="bbox 324 2809 917 2892; baseline -0.005 -20"><span class='ocrx_word' id='word_1_104' title='bbox 324 2809 360 2872; x_wconf 52' lang='lat' dir='ltr'><strong>&#39;et</strong></span> <span class='ocrx_word' id='word_1_105' title='bbox 376 2813 558 2892; x_wconf 86' lang='lat' dir='ltr'><strong>Hieronymo</strong></span> <span class='ocrx_word' id='word_1_106' title='bbox 572 2812 666 2871; x_wconf 83' lang='lat' dir='ltr'><strong>Arzeo</strong></span> <span class='ocrx_word' id='word_1_107' title='bbox 682 2821 740 2870; x_wconf 91' lang='lat' dir='ltr'><strong>tam</strong></span> <span class='ocrx_word' id='word_1_108' title='bbox 757 2812 786 2870; x_wconf 90' lang='lat' dir='ltr'><strong>in</strong></span> <span class='ocrx_word' id='word_1_109' title='bbox 804 2811 917 2870; x_wconf 90' lang='lat' dir='ltr'><strong>iustru-</strong></span> 
     </span>
     <span class='ocr_line' id='line_1_25' title="bbox 329 2910 919 2990; baseline 0 -19"><span class='ocrx_word' id='word_1_110' title='bbox 329 2913 405 2972; x_wconf 89' lang='lat' dir='ltr'><strong>cnda</strong></span> <span class='ocrx_word' id='word_1_111' title='bbox 431 2921 461 2971; x_wconf 89' lang='lat' dir='ltr'><strong>ct</strong></span> <span class='ocrx_word' id='word_1_112' title='bbox 487 2910 658 2971; x_wconf 88' lang='lat' dir='ltr'><strong>adornanda</strong></span> <span class='ocrx_word' id='word_1_113' title='bbox 680 2913 770 2971; x_wconf 83' lang='lat' dir='ltr'><strong>classe</strong></span> <span class='ocrx_word' id='word_1_114' title='bbox 796 2921 827 2971; x_wconf 92' lang='lat' dir='ltr'><strong>et</strong></span> <span class='ocrx_word' id='word_1_115' title='bbox 854 2910 919 2990; x_wconf 85' lang='lat' dir='ltr'><strong>ejus</strong></span> 
     </span>
     <span class='ocr_line' id='line_1_26' title="bbox 328 3011 916 3091; baseline -0.003 -18"><span class='ocrx_word' id='word_1_116' title='bbox 328 3012 500 3091; x_wconf 81' lang='lat' dir='ltr'><strong>provisione</strong></span> <span class='ocrx_word' id='word_1_117' title='bbox 535 3030 624 3090; x_wconf 89' lang='lat' dir='ltr'><strong>quam</strong></span> <span class='ocrx_word' id='word_1_118' title='bbox 660 3011 692 3071; x_wconf 90' lang='lat' dir='ltr'><strong>in</strong></span> <span class='ocrx_word' id='word_1_119' title='bbox 730 3012 841 3072; x_wconf 84' lang='lat' dir='ltr'><strong>deliciis</strong></span> <span class='ocrx_word' id='word_1_120' title='bbox 880 3012 916 3072; x_wconf 83' lang='lat' dir='ltr'><strong>ad</strong></span> 
     </span>
     <span class='ocr_line' id='line_1_27' title="bbox 326 3113 915 3192; baseline -0.005 -18"><span class='ocrx_word' id='word_1_121' title='bbox 326 3114 437 3192; x_wconf 78' lang='lat' dir='ltr'><strong>regiam</strong></span> <span class='ocrx_word' id='word_1_122' title='bbox 480 3131 638 3192; x_wconf 87' lang='lat' dir='ltr'><strong>personam</strong></span> <span class='ocrx_word' id='word_1_123' title='bbox 678 3125 708 3172; x_wconf 88' lang='lat' dir='ltr'><strong>et</strong></span> <span class='ocrx_word' id='word_1_124' title='bbox 745 3113 915 3192; x_wconf 92' lang='lat' dir='ltr'><strong>principum</strong></span> 
     </span>
     <span class='ocr_line' id='line_1_28' title="bbox 327 3213 914 3291; baseline -0.002 -18"><span class='ocrx_word' id='word_1_125' title='bbox 327 3214 477 3291; x_wconf 88' lang='lat' dir='ltr'><strong>requisitis</strong></span> <span class='ocrx_word' id='word_1_126' title='bbox 493 3223 524 3274; x_wconf 90' lang='lat' dir='ltr'><strong>et</strong></span> <span class='ocrx_word' id='word_1_127' title='bbox 545 3213 576 3274; x_wconf 95' lang='lat' dir='ltr'><strong>in</strong></span> <span class='ocrx_word' id='word_1_128' title='bbox 594 3213 734 3274; x_wconf 89' lang='lat' dir='ltr'><strong>universo</strong></span> <span class='ocrx_word' id='word_1_129' title='bbox 756 3214 813 3274; x_wconf 90' lang='lat' dir='ltr'><strong>alio</strong></span> <span class='ocrx_word' id='word_1_130' title='bbox 835 3215 914 3274; x_wconf 89' lang='lat' dir='ltr'><strong>victu</strong></span> 
     </span>
     <span class='ocr_line' id='line_1_29' title="bbox 326 3314 912 3376; baseline -0.003 -1"><span class='ocrx_word' id='word_1_131' title='bbox 326 3317 491 3376; x_wconf 88' lang='lat' dir='ltr'><strong>necessario</strong></span> <span class='ocrx_word' id='word_1_132' title='bbox 508 3315 665 3375; x_wconf 89' lang='lat' dir='ltr'><strong>universae</strong></span> <span class='ocrx_word' id='word_1_133' title='bbox 681 3314 765 3375; x_wconf 89' lang='lat' dir='ltr'><strong>classi</strong></span> <span class='ocrx_word' id='word_1_134' title='bbox 780 3334 848 3374; x_wconf 90' lang='lat' dir='ltr'><strong>cnm</strong></span> <span class='ocrx_word' id='word_1_135' title='bbox 863 3315 912 3374; x_wconf 92' lang='lat' dir='ltr'><strong>sti·</strong></span> 
     </span>
     <span class='ocr_line' id='line_1_30' title="bbox 325 3414 913 3494; baseline -0.003 -19"><span class='ocrx_word' id='word_1_136' title='bbox 325 3414 435 3494; x_wconf 87' lang='lat' dir='ltr'><strong>pendio</strong></span> <span class='ocrx_word' id='word_1_137' title='bbox 457 3417 547 3475; x_wconf 90' lang='lat' dir='ltr'><strong>unius</strong></span> <span class='ocrx_word' id='word_1_138' title='bbox 568 3416 677 3475; x_wconf 91' lang='lat' dir='ltr'><strong>mensis</strong></span> <span class='ocrx_word' id='word_1_139' title='bbox 703 3414 800 3475; x_wconf 90' lang='lat' dir='ltr'><strong>tribus</strong></span> <span class='ocrx_word' id='word_1_140' title='bbox 824 3415 913 3475; x_wconf 84' lang='lat' dir='ltr'><strong>Vata-</strong></span> 
     </span>
     <span class='ocr_line' id='line_1_31' title="bbox 324 3516 912 3593; baseline -0.002 -16"><span class='ocrx_word' id='word_1_141' title='bbox 324 3537 397 3577; x_wconf 93' lang='lat' dir='ltr'><strong>num</strong></span> <span class='ocrx_word' id='word_1_142' title='bbox 406 3518 511 3577; x_wconf 89' lang='lat' dir='ltr'><strong>turmis</strong></span> <span class='ocrx_word' id='word_1_143' title='bbox 519 3537 555 3578; x_wconf 86' lang='lat' dir='ltr'><strong>ex</strong></span> <span class='ocrx_word' id='word_1_144' title='bbox 568 3516 624 3588; x_wconf 86' lang='lat' dir='ltr'><strong>iris,</strong></span> <span class='ocrx_word' id='word_1_145' title='bbox 636 3517 687 3593; x_wconf 89' lang='lat' dir='ltr'><strong>qui</strong></span> <span class='ocrx_word' id='word_1_146' title='bbox 698 3517 829 3576; x_wconf 91' lang='lat' dir='ltr'><strong>comitati</strong></span> <span class='ocrx_word' id='word_1_147' title='bbox 841 3527 912 3576; x_wconf 87' lang='lat' dir='ltr'><strong>sunt</strong></span> 
     </span>
     <span class='ocr_line' id='line_1_32' title="bbox 322 3616 911 3695; baseline 0 -19"><span class='ocrx_word' id='word_1_148' title='bbox 322 3619 443 3695; x_wconf 78' lang='lat' dir='ltr'><strong>Regiam</strong></span> <span class='ocrx_word' id='word_1_149' title='bbox 456 3619 646 3690; x_wconf 83' lang='lat' dir='ltr'><strong>Maiestatem,</strong></span> <span class='ocrx_word' id='word_1_150' title='bbox 656 3628 686 3677; x_wconf 89' lang='lat' dir='ltr'><strong>et</strong></span> <span class='ocrx_word' id='word_1_151' title='bbox 698 3619 728 3676; x_wconf 92' lang='lat' dir='ltr'><strong>in</strong></span> <span class='ocrx_word' id='word_1_152' title='bbox 740 3617 804 3677; x_wconf 91' lang='lat' dir='ltr'><strong>aliis</strong></span> <span class='ocrx_word' id='word_1_153' title='bbox 820 3616 911 3684; x_wconf 91' lang='lat' dir='ltr'><strong>rebus</strong></span> 
     </span>
     <span class='ocr_line' id='line_1_33' title="bbox 321 3717 909 3796; baseline -0.002 -19"><span class='ocrx_word' id='word_1_154' title='bbox 321 3718 358 3777; x_wconf 89' lang='lat' dir='ltr'><strong>ad</strong></span> <span class='ocrx_word' id='word_1_155' title='bbox 384 3719 508 3778; x_wconf 88' lang='lat' dir='ltr'><strong>eandem</strong></span> <span class='ocrx_word' id='word_1_156' title='bbox 529 3718 654 3778; x_wconf 81' lang='lat' dir='ltr'><strong>classem</strong></span> <span class='ocrx_word' id='word_1_157' title='bbox 679 3717 909 3796; x_wconf 89' lang='lat' dir='ltr'><strong>pertinentibus,</strong></span> 
     </span>
     <span class='ocr_line' id='line_1_34' title="bbox 320 3799 910 3897; baseline -0.002 -18"><span class='ocrx_word' id='word_1_158' title='bbox 320 3818 574 3897; x_wconf 90' lang='lat' dir='ltr'><strong>quemadmodum</strong></span> <span class='ocrx_word' id='word_1_159' title='bbox 583 3819 739 3880; x_wconf 88' lang='lat' dir='ltr'><strong>videreest</strong></span> <span class='ocrx_word' id='word_1_160' title='bbox 750 3819 781 3879; x_wconf 90' lang='lat' dir='ltr'><strong>in</strong></span> <span class='ocrx_word' id='word_1_161' title='bbox 794 3799 910 3879; x_wconf 89' lang='lat' dir='ltr'><strong>ratione</strong></span> 
     </span>
     <span class='ocr_line' id='line_1_35' title="bbox 319 3918 909 4000; baseline -0.002 -20"><span class='ocrx_word' id='word_1_162' title='bbox 319 3920 451 3999; x_wconf 84' lang='lat' dir='ltr'><strong>speciali,</strong></span> <span class='ocrx_word' id='word_1_163' title='bbox 485 3939 561 4000; x_wconf 92' lang='lat' dir='ltr'><strong>quac</strong></span> <span class='ocrx_word' id='word_1_164' title='bbox 596 3920 745 3999; x_wconf 84' lang='lat' dir='ltr'><strong>descripta</strong></span> <span class='ocrx_word' id='word_1_165' title='bbox 773 3927 819 3980; x_wconf 88' lang='lat' dir='ltr'><strong>est</strong></span> <span class='ocrx_word' id='word_1_166' title='bbox 846 3918 909 3996; x_wconf 88' lang='lat' dir='ltr'><strong>ejus</strong></span> 
     </span>
    </p>
   </div>
   <div class='ocr_carea' id='block_1_6' title="bbox 0 0 1572 4926">
    <p class='ocr_par' dir='ltr' id='par_1_6' title="bbox 0 0 1572 4926">
     <span class='ocr_line' id='line_1_36' title="bbox 0 0 1572 4926; baseline 0 14"><span class='ocrx_word' id='word_1_167' title='bbox 0 0 1572 4926; x_wconf 95' lang='lat' dir='ltr'><strong> </strong></span> 
     </span>
    </p>
   </div>
  </div>
 </body>
</html>
