3118 4908
647 429 779 531 (υ)

191 647 256 688 eam
279 628 415 698 sormam,
434 647 510 704 quae
529 629 668 708 superius
688 640 733 688 cst
753 629 861 706 pesita;
876 631 901 689 si
923 648 1007 690 secus
1029 629 1142 700 leceris
1159 648 1219 691 non

191 727 368 791 admittetur
393 730 423 788 in
444 729 574 790 rationes
601 749 697 806 neque
723 729 844 789 dabitur
869 730 922 790 tibi
948 731 1044 790 cantio
1070 732 1129 791 nlla
1158 732 1221 791 eius

195 831 344 908 pecuniae.

235 931 265 990 si
281 950 400 990 neccsse
422 929 580 1007 aliqnando
601 930 693 990 luerit
714 949 813 990 curere
832 932 943 1007 aliquid
961 933 996 992 ad
1020 934 1221 1011 provisionem

154 1045 168 1090 5
194 1035 341 1092 exercitus
357 1033 403 1092 vel
426 1033 558 1092 victuum
580 1033 626 1092 vel
645 1034 731 1093 etiem
755 1035 957 1094 munitionum
980 1055 1015 1094 ex
1031 1037 1154 1112 pecunia
1172 1046 1222 1095 tue

196 1133 313 1191 muneri
328 1131 496 1205 commissa,
515 1133 683 1212 designabis
703 1135 830 1210 aliquem
848 1153 882 1194 cx
899 1136 955 1194 tuis
971 1135 1157 1211 officialibus,
1172 1139 1223 1213 qui

196 1232 267 1292 illud
292 1235 440 1312 persolvat
458 1235 541 1310 juxta
563 1235 699 1293 ordinem
722 1235 778 1310 ipsi
801 1235 943 1308 dandum,
964 1248 994 1295 et
1014 1237 1077 1316 ejus
1099 1240 1224 1315 pecunie

196 1333 350 1393 dabuntur
365 1334 416 1393 tibi
436 1335 588 1394 cautiones
607 1354 622 1393 a
643 1337 752 1394 nostris
770 1335 937 1413 inspectore
959 1349 988 1396 et
1009 1337 1224 1413 quaestoribus.

239 1436 358 1495 Manere
372 1454 491 1514 semper
506 1436 595 1495 debes
610 1437 640 1494 in
663 1435 794 1496 exercitu
811 1455 907 1515 ncqne
922 1456 1055 1514 unquam
1070 1439 1177 1514 aberis,
1192 1448 1225 1497 ut

144 1553 174 1599 tu
200 1537 314 1615 negotia
329 1538 366 1596 ad
381 1555 491 1596 munus
513 1548 596 1597 tuum
613 1537 791 1615 pertinentia
814 1537 997 1597 commodius
1019 1537 1225 1616 expediantur.

238 1639 400 1700 Conveniet
425 1638 476 1698 tibi
500 1638 575 1697 bene
598 1639 627 1697 in
650 1658 705 1698 usu
728 1650 758 1698 et
780 1638 919 1699 exercitio
936 1641 978 1700 tui
1001 1643 1134 1700 muneris
1157 1658 1225 1699 cnm

201 1741 355 1819 praedictis
370 1740 538 1817 inspectore
555 1741 696 1818 primario
708 1751 737 1800 ct
752 1741 961 1817 quaestoribus
974 1754 1002 1800 ct
1018 1743 1226 1801 commissariis

199 1841 350 1912 censoriis,
372 1841 456 1899 utin
479 1841 618 1900 omnibus
639 1841 700 1914 liat,
719 1839 800 1917 quod
821 1853 921 1901 nostro
943 1841 1065 1902 servitio
1086 1843 1124 1901 sit
1146 1860 1227 1901 com-

201 1944 327 2002 modius.

145 2071 174 2118 15
240 2047 275 2103 Et
289 2043 430 2121 quoniam
454 2039 611 2121 praedictis
633 2041 793 2117 inspectori
810 2042 950 2117 primario
972 2051 1004 2100 et
1023 2044 1228 2120 quaestoribus

200 2146 352 2225 speciatim
369 2144 454 2203 datus
466 2155 509 2202 cst
521 2141 594 2201 orde
610 2151 639 2200 et
654 2142 808 2202 instructio
823 2142 859 2200 ad
876 2162 918 2214 ea,
935 2162 1011 2220 quae
1027 2145 1176 2222 pertinent
1194 2145 1230 2202 ad

201 2251 334 2326 ipsorum
352 2263 486 2315 inuuere,
501 2243 666 2320 exequeris,
681 2243 760 2320 quod
776 2244 807 2302 in
822 2244 864 2302 eis
878 2243 1051 2303 ordinatum
1072 2256 1100 2304 et
1113 2245 1229 2322 jussum

202 2346 318 2406 anobis
338 2345 438 2404 estad
461 2363 571 2403 munus
589 2361 707 2420 quoqne
723 2353 806 2403 tuum
830 2347 992 2423 pertinens,
1008 2345 1088 2422 quod
1107 2345 1153 2405 bic
1172 2365 1231 2406 non

202 2460 247 2508 est
261 2449 443 2525 explicitum.

150 2573 180 2620 qq
246 2553 353 2610 Datum
376 2548 511 2608 bladridii
530 2567 568 2606 xn
594 2546 691 2606 martii
708 2548 898 2606 nunxvn.
915 2550 949 2606 Et
962 2549 1144 2627 imperamus
1169 2547 1232 2616 tibi,

206 2652 358 2712 liraneisce
374 2649 494 2722 timidi,
512 2661 543 2707 ut
554 2647 726 2707 omnimodo
742 2647 817 2706 bene
830 2647 882 2706 tibi
898 2649 1054 2708 conveniat
1065 2667 1132 2707 cum
1147 2668 1232 2726 prac-

204 2754 282 2813 dicto
310 2763 413 2811 nostro
437 2751 603 2828 inspectore
632 2747 838 2825 quaestoribus
861 2759 889 2808 et
914 2749 1133 2820 commissariis,
1152 2749 1230 2826 quod

205 2855 240 2914 ad
256 2853 401 2932 stipendia
424 2851 538 2923 attinet,
554 2863 587 2909 ut
608 2848 791 2908 commodius
813 2848 874 2922 fiat,
896 2850 975 2926 quod
993 2851 1086 2909 nostri
1109 2861 1153 2909 est
1168 2869 1232 2909 scr·

206 2956 278 3027 vitii,
294 2967 323 3013 et
344 2965 375 3012 ut
396 2953 468 3012 hacc
489 2961 588 3011 nostra
611 2951 767 3009 instructio
787 2949 934 3009 reseratur
953 2964 982 3009 ct
1004 2951 1235 3010 transscribatur

153 3062 183 3110 25
207 3059 237 3116 in
253 3056 336 3116 libris
351 3053 568 3133 stipendiorum
590 3051 682 3110 nostri
699 3051 853 3122 exercitus,
874 3070 949 3129 quos
964 3050 1116 3129 inspector
1134 3061 1234 3110 noster

208 3168 237 3217 et
251 3145 420 3235 quaestores
436 3153 577 3233 praedicti
593 3161 662 3211 sunt
680 3152 820 3212 babituri.

651 3355 708 3430 ligo
732 3353 802 3411 Rex.

302 3499 391 3557 iussu
407 3497 482 3556 Suac
500 3493 656 3570 liajestatis
672 3494 794 3552 loannes
812 3490 953 3567 Vasquius
969 3489 1143 3549 Salazarius.

252 3721 311 3798 ligo
334 3721 438 3779 Petrus
461 3715 636 3790 Velasqnius
658 3712 752 3772 scriba
776 3712 910 3790 publicus
933 3713 1009 3770 Suae
1032 3710 1190 3788 Maiestatis
1205 3710 1235 3769 in

156 3841 185 3888 30
210 3821 350 3880 omnibus
372 3821 433 3878 suis
455 3817 553 3894 reguis
579 3827 608 3874 et
629 3813 768 3874 dominiis
792 3812 846 3871 leci
873 3811 1074 3870 transcribere
1096 3829 1238 3889 praesens

211 3922 381 3999 exemplum
397 3939 431 3979 cx
446 3917 591 3995 originali,
612 3912 864 3993 quemadmodum
880 3913 910 3970 in
926 3931 961 3970 eo
982 3925 1057 3986 erat,
1075 3912 1154 3988 quod
1170 3931 1238 3970 cum

211 4024 314 4085 eodem
336 4021 394 4082 luit
414 4031 578 4093 correctum
599 4030 627 4076 et
647 4015 866 4078 collationatum
888 4013 1094 4090 praesentibus
1114 4013 1240 4072 testibus
