3118 4908
622 450 750 545 (¹9)

162 649 206 696 est
222 657 276 715 per
290 641 428 700 Cosmum
450 645 618 721 Mammam,
631 650 687 724 'qui
710 650 746 708 de

160 759 192 800 ea
210 743 332 817 pecunia
345 741 425 802 dedit
439 745 539 804 literas
549 747 585 805 ad
596 749 741 810 loannem

159 841 348 901 Flameocum
383 844 575 906 Thomasium
612 849 744 910 Fiescum

159 955 188 1002 et
204 943 325 1002 Petrum
340 945 505 1023 spinulam,
519 950 571 1024 qui
590 949 669 1009 illam
685 971 744 1010 nu-

120 1053 134 1098 5
159 1057 312 1103 meraroot
338 1063 439 1105 mense
462 1059 587 1127 augusto
612 1059 640 1108 et
672 1071 739 1129 sep-

157 1143 267 1203 tembri
300 1145 431 1204 eiusdem
460 1149 531 1206 anni
564 1151 741 1211 tt.o.txvtr

156 1249 740 1331 octuagintaunogrossisattribosqoa·

156 1347 312 1408 drantibus
327 1349 357 1407 in
373 1351 504 1426 singulos
519 1366 674 1414 coronatos
690 1357 738 1433 (t).
784 1360 900 1420 torosa
916 1379 974 1419 eor.
996 1365 1029 1422 t5
1046 1375 1072 1422 st

197 1452 303 1510 Decem
319 1462 347 1509 et
358 1468 408 1508 sex
421 1451 500 1509 mille
511 1465 630 1513 centum
643 1469 672 1515 et
683 1456 735 1516 de·
917 1464 919 1467 ’

100 1564 129 1610 to
154 1571 217 1611 cem
229 1563 384 1611 coronatos
393 1551 533 1611 tredecim
546 1556 674 1617 stuseros
685 1579 736 1618 sex

153 1655 255 1714 obolos
272 1671 326 1731 pro
340 1653 508 1730 quindecim
527 1656 607 1716 mille
623 1670 735 1718 trecen·

155 1759 190 1815 tis
221 1755 370 1833 sexaginta
400 1767 466 1815 octo
494 1759 642 1818 coronatis
670 1780 737 1820 cum

153 1858 250 1928 tertio,
272 1855 323 1932 qui
345 1855 461 1915 remissi
481 1867 552 1915 sunt
573 1859 737 1921 Mediolano

153 1961 350 2034 antwerpiam
367 1976 382 2015 a
396 1957 544 2032 praedicto
555 1958 672 2020 Nicoiao
685 1962 734 2019 Cid

98 2071 126 2116 45
153 2078 254 2119 mense
290 2057 452 2135 septembri
490 2059 629 2134 praedicti
662 2064 732 2121 anai

151 2159 309 2218 ttotxvrt
325 2158 491 2235 octuaginta
507 2171 536 2217 et
549 2179 610 2218 uno
623 2165 732 2239 grossis

151 2273 180 2319 ct
194 2271 308 2337 septem
328 2259 437 2317 octavis
453 2260 483 2318 io
502 2261 634 2338 singulos
655 2265 734 2323 mitte

150 2375 179 2422 et
199 2363 375 2440 quingentos
396 2363 426 2419 io
451 2364 581 2421 Pascuali
607 2365 729 2442 Spinuia

151 2484 204 2542 per
227 2463 327 2521 literas
355 2463 460 2522 cambii
490 2465 571 2524 Pauli
601 2468 729 2527 Caesaris

93 2569 122 2616 90
138 2573 177 2625 'et
197 2565 317 2624 loannis
338 2565 485 2641 Baptistae
503 2565 594 2639 Fridi,
605 2568 685 2626 mille
700 2579 730 2626 et

147 2665 250 2747 viginti
269 2683 361 2751 unpm
377 2675 406 2723 et
427 2675 556 2740 quatuor
570 2667 680 2726 solidos
700 2669 729 2725 ia

144 2769 258 2827 Joanoe
273 2765 401 2843 Baptista
416 2767 572 2824 Fiamcneo
594 2786 648 2843 per
662 2768 724 2826 lite-

145 2887 191 2926 ras
204 2867 324 2928 Joannis
341 2865 486 2941 Baptistae
498 2868 584 2926 Datte
595 2877 624 2925 et
636 2869 727 2926 socio-

144 2987 211 3026 rum
224 2979 253 3027 et
263 2985 314 3026 sex
327 2967 406 3025 mille
419 2978 564 3026 trecentos
579 2967 681 3027 decem
697 2970 726 3026 ia

88 3072 117 3120 25
146 3071 232 3127 Petro
247 3067 459 3144 christophoro
480 3079 509 3127 et
529 3070 616 3127 Petro
631 3071 727 3128 Fran-

142 3172 218 3228 cisco
233 3168 357 3247 Spinuia
370 3187 422 3246 per
437 3169 537 3228 literas
548 3167 630 3227 Pauli
644 3169 727 3228 Pele-

141 3273 186 3350 gri
203 3271 243 3350 (⁸2)
265 3270 317 3347 qui
338 3269 470 3328 coronati
492 3289 560 3328 cum
584 3282 726 3346 quatuor-

177 3563 218 3630 (tt
240 3560 362 3625 {OQOBJ
380 3577 432 3612 eor.
459 3559 503 3626 (de
532 3559 566 3608 59
593 3560 670 3628 etus.)
687 3567 711 3612 ÷
728 3556 765 3609 45
788 3561 854 3626 stuf.
882 3562 973 3612 vatent
999 3569 1093 3614 aurant
1120 3578 1172 3630 que

140 3655 238 3720 dmi
254 3673 305 3707 cor.
320 3655 504 3722 (dedoctus.)
522 3659 547 3707 ÷
563 3653 596 3704 ¹10
611 3656 674 3716 stuf.
691 3653 733 3706 Ou
746 3656 770 3706 lo
784 3657 886 3724 copiste
901 3657 963 3708 s'est
977 3655 1090 3724 trompd„
1105 3673 1139 3709 ou
1152 3659 1170 3710 it

82 3767 113 3813 30
140 3771 174 3806 nc
193 3754 269 3821 s'agit
288 3767 334 3820 pas
355 3751 421 3802 dans
437 3753 460 3803 ie
482 3758 553 3802 terte
568 3750 600 3802 de
614 3750 704 3802 ducati
720 3750 753 3801 dc
766 3748 802 3798 to
816 3751 922 3817 stasmi,
938 3752 1005 3802 mais
1023 3751 1055 3802 de
1076 3752 1170 3811 ducats

139 3850 185 3918 qui
199 3849 290 3899 valent
304 3847 372 3914 pius,

177 3943 217 4011 (B)
238 3945 291 3996 Des
310 3949 397 4012 postes
417 3940 536 3993 nomme's
558 3958 590 3993 oe
613 3939 712 3992 re'sulte
732 3957 784 4008 que
804 3943 828 3992 la
847 3957 948 3993 somme
966 3941 999 3992 de
1023 3940 1102 3998 &851
1118 3958 1169 3992 eor.

139 4047 155 4094 d
170 4041 246 4091 totid,
