3118 4908
630 457 753 580 (aaa

169 680 249 760 ginta
262 682 409 741 coronatis
418 692 447 741 et
457 681 575 762 triginta
584 687 714 761 stuseris,

170 799 245 858 quos
264 783 341 842 idern
364 785 531 861 persolutor
545 789 657 864 accepit
677 807 712 848 ex

171 881 349 959 quibusdam
369 884 572 960 quaestoribus
594 889 714 948 nomine

172 982 314 1060 praedicti
329 983 423 1043 Livini
441 994 471 1045 et
485 986 617 1046 eiusdem
633 991 716 1050 ducis

129 1083 144 1141 b
170 1083 275 1142 Albani
297 1083 381 1161 jussu
404 1105 431 1144 tx
452 1088 624 1148 novembris
645 1093 716 1151 onni

173 1186 254 1243 LXX.
659 1219 662 1223 ·
764 1196 883 1256 228'285
899 1199 1159 1259 cor.12st.tiob.

212 1285 309 1345 Unum
332 1287 493 1348 miilionem
515 1288 582 1369 (hoe
602 1300 646 1350 est
667 1290 716 1349 de-

170 1387 229 1446 cies
241 1399 362 1447 centum
375 1389 465 1468 milia)
475 1393 641 1470 octuaginta
655 1394 714 1452 duo

173 1491 252 1550 mitte
276 1493 456 1571 quingentos
481 1495 632 1574 sexaginta
663 1507 715 1556 no-

116 1602 145 1649 ttt
173 1610 238 1650 vem
274 1605 429 1652 coronatos
465 1595 568 1674 viginti
606 1602 712 1655 novem

172 1691 300 1752 stuieros
322 1706 351 1752 et
370 1706 498 1770 quatuor
513 1696 626 1769 obolos,
640 1715 714 1774 quos

172 1793 306 1853 Nicolaus
340 1797 425 1856 Wart
459 1797 605 1875 generalis
641 1816 713 1875 qua-

173 1905 252 1955 estor
286 1885 483 1956 finar'rciarum
516 1899 624 1976 Regiae
656 1902 714 1958 Ma-

171 1997 282 2056 iestatis
298 1998 465 2057 numeravit
480 2017 514 2057 ex
531 2000 651 2059 collecta
666 2019 716 2077 pe-

114 2112 143 2159 ta
170 2098 255 2156 cunia
274 2099 405 2157 eiusdem
425 2100 577 2159 centesimi
600 2099 713 2160 denarii

170 2219 206 2259 cx
220 2199 302 2259 iussu
319 2211 347 2258 et
362 2201 455 2260 literis
469 2201 552 2262 ducis
568 2202 673 2261 Albani
686 2211 715 2261 et

170 2302 347 2379 collegarum
375 2302 538 2362 earundem
567 2302 709 2363 financia-

170 2422 248 2476 rum,
270 2402 325 2462 boc
346 2402 451 2462 ordine
472 2423 479 2463 :
502 2405 712 2484 quadringenti

170 2503 339 2581 quindecim
356 2505 436 2564 mitte
448 2507 591 2582 nongenti
604 2515 632 2564 et
643 2525 713 2582 qua·

112 2621 143 2669 at
171 2606 336 2666 tuordecim
355 2609 488 2667 coronati
509 2610 627 2686 triginta
651 2621 715 2668 octo

169 2706 273 2766 stnieri
289 2716 318 2765 et
338 2726 389 2766 sex
409 2707 487 2766 oboti
508 2725 560 2783 per
577 2708 709 2786 praedic·

169 2818 231 2866 tum
247 2809 410 2866 solutorem
425 2807 549 2868 diversis
563 2819 706 2866 mercato-

168 2908 252 2967 ribus
267 2908 414 2967 numerati
427 2926 474 2966 xvi
489 2906 656 2966 decembris
671 2908 709 2965 ei·

169 3010 272 3070 usdem
284 3011 353 3068 anni
362 3011 438 3068 LXX
446 3010 483 3068 ad
494 3009 623 3068 rationes
635 3009 710 3081 eius,

90 3148 92 3152 ·
110 3127 140 3174 att
168 3110 247 3188 quod
262 3113 333 3189 ipsis
347 3109 510 3170 debebatur
528 3129 564 3168 cx
579 3111 707 3188 negociis

166 3212 287 3272 cambiis
303 3224 332 3271 et
344 3211 479 3271 [inanciis
490 3211 527 3270 ab
542 3210 613 3288 ipsis
626 3211 709 3270 sactis

167 3315 288 3373 nominc
315 3315 422 3390 Regiae
449 3312 616 3372 Maiestatis.
642 3313 711 3389 Ejus

167 3416 309 3494 pecuniae
334 3413 504 3492 praedictus
528 3415 643 3473 soiutor
668 3423 712 3472 est

167 3518 336 3578 nominatus
351 3517 480 3576 creditor
494 3517 524 3574 in
541 3515 650 3586 harum
661 3535 708 3574 ra·

109 3637 139 3685 30
166 3621 281 3679 tionum
294 3618 499 3696 receptionem
513 3617 708 3676 solutionibus

165 3721 276 3780 eisdem
292 3716 507 3778 mercatoribus
521 3715 612 3775 iactis.
625 3718 709 3793 quio-

164 3832 269 3900 gentos
297 3838 366 3880 vero
390 3819 537 3896 sexaginta
558 3837 608 3878 sex
630 3818 709 3877 mille

165 3935 319 3983 sexcentos
341 3921 554 3998 qninquaginta
578 3929 708 3997 quatuor

165 4033 321 4086 coronatos
336 4036 365 4083 et
380 4023 482 4100 viginti
499 4041 606 4082 novem
618 4021 709 4081 stuic·
