3144 4920
607 499 761 598 (10)

207 706 273 764 broi
285 700 525 780 antuerpianae.
807 700 888 762 aaut
901 718 961 762 000.
975 701 996 762 0
1010 709 1046 763 st.

208 804 364 865 Nobilibus
379 801 485 880 Regiae
501 800 670 861 Maiestatis.
806 801 885 862 5125
900 819 960 863 000.
977 804 1015 863 17
1029 815 1067 865 st.

212 904 255 964 Ad
284 922 373 963 unam
403 901 583 962 solutionem
612 900 756 961 militibus

166 1006 324 1067 insulanis.
804 1005 904 1064 19000
918 1022 978 1067 000.

103 1129 120 1178 t
211 1106 339 1166 Domino
367 1106 404 1164 de
432 1104 555 1183 ilieages
582 1102 619 1164 ad
644 1102 755 1164 eredita
799 1086 804 1101 ¹

168 1209 339 1271 Ultraiooto.
804 1207 883 1268 0155
898 1226 959 1269 000.
974 1209 1012 1269 55
1028 1222 1066 1272 st.

211 1310 316 1370 Comiti
332 1308 492 1387 Meghensi.
803 1307 883 1369 5076
897 1327 958 1369 000.

213 1410 340 1470 Maltino
355 1408 392 1469 00
406 1407 576 1471 (1110000010.
807 1410 961 1473 1000000.
1076 1486 1079 1493 Ι

213 1509 396 1571 Satellitibus
410 1509 569 1570 custodiae.
806 1511 865 1572 651
880 1530 941 1573 000.
957 1515 995 1574 15
1009 1524 1046 1574 st.

109 1634 140 1682 40
213 1613 343 1673 Solutori
359 1623 588 1672 tormentorum.
805 1615 885 1674 5108
900 1632 961 1674 eor.
976 1617 1015 1675 52
1030 1624 1067 1677 st.

214 1714 286 1772 item
304 1713 341 1772 ad
356 1732 501 1792 expensas
516 1713 664 1773 classium.
806 1714 977 1776 10581000.
994 1717 1033 1777 01
1048 1727 1082 1778 st.

213 1813 372 1874 Ultraieeto
392 1813 514 1874 domino
528 1814 565 1875 00
581 1814 704 1893 ilisa-ges
722 1812 760 1872 ad

166 1913 291 1975 eredita.
802 1916 880 1976 6105
895 1935 958 1977 000.
972 1917 1012 1978 55
1027 1928 1064 1980 st.

212 2018 286 2074 item
301 2015 517 2095 quinquaginta
534 2015 613 2075 mille
627 2014 759 2075 coronati

110 2140 141 2190 45
170 2114 365 2176 010010οῑ0ιο
390 2115 470 2174 missi
493 2126 649 2175 numerata
669 2132 761 2192 pecu-

168 2219 220 2277 nia
237 2235 290 2294 000
300 2215 444 2275 loannem
455 2217 492 2276 de
506 2214 652 2276 Onaindia
664 2215 761 2276 eidem
834 2269 837 2274 .

167 2317 290 2377 domino
306 2315 342 2376 de
360 2318 489 2398 llienges.
801 2320 902 2379 00000
916 2339 976 2381 eor.

210 2417 330 2477 Ductori
351 2416 486 2477 Diomedi
509 2438 564 2496 pro
580 2436 634 2478 suo
648 2419 762 2496 stipen-

168 2519 217 2577 dio
234 2518 378 2577 bimestri.
808 2523 846 2580 00
862 2539 922 2580 000.

109 2645 139 2693 ω
209 2618 423 2697 Christophono
440 2619 570 2696 Vasquio
586 2618 622 2677 00
638 2618 730 2679 Avila.
802 2622 938 2682 500000.

208 2721 357 2797 Equitatui
410 2721 531 2780 levioris
591 2729 761 2780 armaturae

165 2824 362 2882 secessionem
379 2823 541 2884 meditanti.
799 2823 880 2883 5000
895 2841 956 2882 000.

209 2924 276 2982 daei
292 2922 373 2982 urbis
388 2924 590 2982 Valenoianae.
796 2925 850 2982 851
870 2942 928 2983 eon.
951 2927 982 2983 ll
1004 2937 1039 2986 st.

209 3023 374 3082 Alexandra
390 3025 544 3101 Gonzagae
560 3039 613 3100 pro
629 3040 684 3080 suo
707 3022 777 3081 sti··

112 3145 143 3192 00
170 3125 278 3203 pendia
293 3126 514 3202 quadrimestui.
802 3127 863 3186 800
882 3145 933 3187 000

210 3225 349 3302 Quinque
366 3227 470 3284 turmis
486 3245 521 3285 ex
538 3226 626 3285 tentio
650 3223 758 3283 Juliani

170 3326 288 3386 11001001
312 3327 465 3386 brussellis
486 3325 611 3404 egressis
628 3325 664 3384 ad
681 3325 758 3384 mili-

170 3429 254 3488 01001.
375 3469 377 3474 ,
805 3431 943 3490 605000.

213 3527 341 3587 Antonio
361 3529 521 3588 lloroionio
543 3528 626 3588 militi
644 3540 760 3588 turmae

117 3650 147 3698 30
173 3630 252 3688 dom.
266 3627 404 3688 Ludoviei
418 3630 563 3702 Queaalti.
803 3633 842 3688 liz)
857 3649 916 3690 000.

214 3730 342 3790 Solutori
355 3741 573 3790 tormentorum
588 3732 625 3790 ad
641 3731 761 3791 illorum

174 3849 331 3908 expensas.
807 3833 885 3892 lata
901 3853 960 3894 000.

217 3929 344 3989 0001100
359 3931 467 3989 Jacobo
490 3932 625 3992 llamiuio
651 3946 765 3992 turmae

175 4030 341 4090 insulanae.
805 4038 844 4094 50
859 4054 918 4095 eun.
