3134 4926
639 445 766 548 (⁶5)

235 635 305 697 Aliis
334 640 479 716 personis,
505 661 580 719 quae
612 646 641 704 in
671 647 775 708 eodem

197 738 326 797 exercitu
356 739 573 816 inservierunt,
603 744 780 810 differenter

193 838 305 916 absque
319 841 468 920 stipendio
483 865 590 907 novem
607 847 688 908 miiie
704 869 779 911 non·

193 940 273 1018 genti
286 941 388 1020 viginti
402 953 530 1020 quatuor
541 949 673 1009 coronati
688 951 779 1012 unde-

155 1049 169 1095 t
194 1043 250 1103 eim
265 1043 369 1105 stuieri
384 1058 414 1106 et
428 1066 479 1107 sex
494 1049 572 1110 oboli
589 1051 618 1110 in
635 1053 775 1115 subsidia.
820 1061 900 1120 9924
915 1079 973 1122 cor.
993 1067 1025 1124 ii
1045 1075 1081 1125 st.
1098 1067 1116 1125 6
1131 1068 1178 1128 ob.

253 1264 408 1327 Peditotui
430 1269 524 1330 Duris
544 1269 723 1335 Soboudioe.

234 1438 306 1498 Duei
340 1439 503 1500 sabaudiae
539 1463 593 1522 pro
628 1447 776 1526 stipendio
839 1471 841 1478 ·

192 1537 319 1598 duorum
336 1540 460 1601 miiiium
478 1556 678 1607 trecentorum
697 1549 777 1626 pedi·

193 1650 347 1720 tunr‚quos
359 1646 511 1705 exordiae
524 1650 630 1728 Regiae
643 1653 775 1713 Maiesta-

137 1756 166 1802 to
192 1745 228 1802 tis
243 1744 395 1805 eoiioeavit
414 1748 443 1806 in
463 1749 616 1827 praesidiis
635 1756 776 1814 transitus

193 1847 266 1906 etin
282 1846 400 1908 arcibus
420 1868 490 1908 suae
510 1853 688 1930 provinciae,
704 1855 776 1916 dum

194 1949 370 2026 praeteriret
384 1949 542 2024 exereitus,
564 1967 675 2032 septem
700 1952 793 2016 millo

193 2051 335 2129 nongenti
347 2052 560 2132 quinquaginta
572 2054 631 2114 duo
645 2058 776 2119 eoronati

191 2149 292 2210 decem
307 2161 336 2211 et
353 2172 459 2214 novem
474 2155 580 2216 stuieri
596 2177 647 2216 sex
662 2159 750 2219 obuii.
816 2163 896 2224 7952
910 2183 971 2224 eor.
988 2169 1027 2227 tt
1040 2179 1077 2229 st.
1092 2173 1110 2230 6
1126 2172 1173 2230 ob.

137 2376 167 2422 ¹5
231 2373 370 2449 Sumptus
390 2383 415 2433 et
436 2375 587 2454 stipendio
608 2378 736 2440 ediverso.

233 2546 289 2605 Pru
311 2547 480 2624 sumptibus
499 2566 566 2608 eum
594 2552 681 2612 nruiis
707 2573 771 2614 sus·

191 2647 294 2725 ceptis,
318 2649 368 2725 qui
398 2669 414 2708 a
443 2651 542 2709 Genua
573 2666 721 2714 venerunt
746 2657 775 2714 in

191 2747 294 2807 eodem
310 2750 439 2811 exercitu
457 2760 515 2811 tam
530 2753 566 2812 od
587 2765 775 2833 comportan-

192 2848 228 2907 da
249 2850 314 2927 ejus
333 2871 415 2912 arma
433 2864 462 2912 et
483 2855 665 2916 munitiones
685 2875 774 2933 quam

139 2959 169 3008 uu
193 2953 358 3032 pecuniam,
369 2972 445 3031 quae
456 2957 612 3015 commissa
621 2969 686 3017 erat
696 2959 775 3018 solu·

191 3054 258 3128 tori,
270 3068 398 3132 quatuor
410 3058 488 3116 mille
501 3059 642 3136 nongenti
658 3073 775 3138 septua-

190 3156 271 3233 ginta
286 3169 346 3218 tres
360 3161 493 3220 coronati
514 3159 648 3239 quinquo
667 3163 773 3222 stuieri

190 3269 219 3318 et
233 3259 294 3319 duo
307 3260 394 3320 oboii.
815 3267 895 3330 tura
910 3287 971 3330 eor.
987 3275 1006 3333 5
1021 3284 1057 3334 st.
1074 3275 1154 3336 bob.

230 3360 350 3440 Septem
372 3363 580 3424 commissoriis
602 3365 706 3437 victus,
723 3366 774 3443 qui

138 3471 166 3518 ru
192 3473 250 3524 tam
274 3466 303 3524 in
329 3464 433 3524 eodem
455 3465 552 3526 obieio
573 3466 773 3528 inservierunt

152 3615 153 3618 ,
190 3585 278 3645 quam
292 3567 321 3626 in
333 3566 524 3628 recensendis
539 3569 687 3628 exereitus
700 3570 775 3629 miii-

191 3668 281 3742 tibus,
294 3687 423 3747 quorum
439 3688 489 3728 sex
511 3668 689 3747 inceperunt
709 3689 773 3731 me-

189 3791 257 3834 rere
270 3791 277 3831 ι
288 3770 418 3831 octobris
428 3769 499 3830 anni
512 3772 615 3830 LXVII
630 3773 775 3851 septimus

190 3871 385 3934 rnorembris
406 3873 477 3932 anni
500 3873 628 3946 LXVlli,
650 3874 775 3936 diversis

105 4005 107 4012 ·
190 3993 262 4036 vero
277 3973 463 4054 temporibus
477 3975 600 4036 suerunt
612 3975 773 4052 amaardoti‚
