3144 4920
631 467 786 599 (273)

190 677 303 744 septem
315 674 472 726 coronatos
485 666 589 745 viginti
602 676 716 745 septem
733 671 776 742 tl)

188 765 327 829 stuleros.
524 834 528 840 ‚
632 773 638 792 '
822 771 962 834 ttttatt
978 790 1037 832 cort
1054 773 1092 831 ut
1108 782 1143 831 st.
1168 729 1171 735 Ι

232 871 288 929 Pro
303 869 499 929 interessibus
514 869 551 928 ab
566 869 669 929 eodem
692 871 773 929 soln-

190 984 254 1033 tore
279 971 404 1030 diversis
431 971 644 1030 mercatoribus
673 971 776 1032 solutis

38 1090 40 1094 ’
148 1085 163 1132 a
191 1093 245 1153 pro
261 1074 384 1150 peccunia
401 1072 438 1131 ab
454 1073 495 1131 eis
510 1083 627 1149 accepta
644 1073 679 1132 ad
696 1092 775 1132 cam-

190 1170 776 1252 biumetfinaneiamadnegotiaservitio

188 1276 297 1354 Regiae
354 1275 511 1335 Maiestatis
569 1277 774 1335 convenientia

189 1379 312 1438 diversis
328 1376 513 1454 temporibus
535 1377 620 1437 etad
642 1378 774 1446 diversos

189 1485 201 1563 ΙΙ
217 1479 371 1549 terminos,
395 1497 471 1554 quae
501 1479 625 1556 pecunia
653 1493 773 1558 arrepta

133 1586 163 1635 to
190 1580 246 1639 luit
261 1597 297 1637 ex
311 1577 417 1637 ordine
432 1578 564 1656 ejusdem
582 1580 774 1639 commenda·
1082 1645 1086 1654 ¹

191 1680 262 1740 toris
278 1690 335 1738 tam
352 1678 444 1738 verbo
459 1697 547 1756 quam
562 1681 689 1758 scriptis.
816 1683 915 1742 tuoto
929 1701 989 1742 cor.
1008 1684 1026 1743 7
1041 1694 1078 1744 st.
1162 1754 1167 1765 ι

231 1780 272 1840 Ad
281 1779 382 1839 literas
391 1782 548 1840 solutorias
558 1783 651 1840 tertiis
664 1801 775 1840 orrrrua-

192 1881 269 1941 libus
284 1880 409 1941 diversis
423 1881 549 1941 ducibus
562 1894 590 1941 et
602 1882 776 1941 officialibus

192 1985 323 2062 ejusdem
339 1984 488 2044 exercitus
506 2003 560 2061 pro
577 1983 663 2044 tertio
676 1985 778 2043 ultimo

138 2099 166 2146 tt
192 2084 338 2166 completo
380 2084 436 2143 sub
478 2083 567 2144 linem
611 2073 778 2145 decembris

191 2185 261 2244 anni
278 2159 389 2245 dxxv.
827 2183 1001 2247 testacei.

234 2288 273 2344 Ex
299 2284 356 2345 illis
382 2286 516 2362 summis,
541 2305 615 2363 quas
640 2299 780 2364 quaestor

195 2387 387 2448 Navarretius
415 2388 539 2446 solutori
571 2384 629 2447 non
660 2386 777 2447 admisit

195 2493 224 2548 in
241 2489 444 2548 aestimatione
455 2489 492 2547 ab
504 2508 538 2549 eo
552 2488 622 2548 inita
638 2491 778 2567 usquead

139 2597 171 2648 αθ
195 2591 285 2650 linem
307 2589 451 2649 februarii
473 2591 542 2649 anni
568 2591 678 2661 LXXV,
704 2610 778 2669 quae

196 2704 295 2770 postea
311 2692 473 2751 elucidatae
488 2693 602 2753 admitti
618 2693 729 2753 debent
745 2694 780 2752 ad

194 2797 334 2855 rationes.
825 2797 903 2854 bill
919 2814 980 2856 cor.
995 2797 1013 2854 ‘l
1028 2796 1070 2876 ll2
1086 2809 1121 2858 st

236 2898 293 2955 Pro
304 2895 451 2973 expensis,
463 2912 535 2971 quas
550 2895 689 2955 officiales
700 2896 778 2974 ejus·

196 2998 262 3057 dem
289 2996 428 3056 solutoris
449 2997 622 3069 ostendunt,
642 2996 725 3056 laetis
751 2997 780 3056 in

140 3106 170 3159 td
196 3097 375 3158 traducenda
387 3098 516 3174 tricennia
533 3098 567 3157 ad
584 3098 700 3170 diversa
718 3099 777 3157 loca

194 3212 224 3259 et
238 3217 293 3277 pro
305 3197 435 3258 custodia
452 3198 538 3258 illius.
819 3202 900 3260 2500
913 3219 973 3259 eor.

236 3300 277 3359 Ad
304 3299 448 3377 quaedam
475 3299 584 3379 scripta
610 3301 722 3360 domini
748 3301 785 3360 de

196 3402 354 3462 ludcvclde
374 3403 409 3461 ad
431 3401 538 3462 classes
564 3403 784 3474 concernentia,

196 3522 271 3582 quae
292 3503 428 3563 Nicolaus
450 3505 523 3562 Vort
545 3503 680 3563 exhibuit
703 3505 782 3563 mille

140 3613 171 3664 30
196 3607 435 3686 octingentorum
470 3606 572 3666 decem
610 3617 639 3665 et
675 3625 780 3666 novem

198 3721 406 3769 coronatorum
429 3707 562 3786 quinque
590 3708 785 3779 stoica-orum,

200 3810 284 3886 cujus
309 3827 442 3869 summae
468 3809 543 3868 idem
569 3811 684 3870 solutor
706 3809 788 3869 dedit

240 4074 279 4144 (l)
302 4076 321 4128 ll
336 4074 394 4154 iant
408 4076 456 4127 lire
471 4091 564 4139 aeman
578 4076 630 4133 lieu
643 4076 679 4128 dc
693 4081 797 4146 reptem.
