<?xml version="1.0" encoding="UTF-8"?>
<!DOCTYPE html PUBLIC "-//W3C//DTD XHTML 1.0 Transitional//EN"
    "http://www.w3.org/TR/xhtml1/DTD/xhtml1-transitional.dtd">
<html xmlns="http://www.w3.org/1999/xhtml" xml:lang="en" lang="en">
 <head>
  <title>
</title>
<meta http-equiv="Content-Type" content="text/html;charset=utf-8" />
  <meta name='ocr-system' content='tesseract 3.04.00' />
  <meta name='ocr-capabilities' content='ocr_page ocr_carea ocr_par ocr_line ocrx_word'/>
</head>
<body>
  <div class='ocr_page' id='page_1' title='image "./leregistredefra00lixagoog_0054.png"; bbox 0 0 3118 4908; ppageno 0'>
   <div class='ocr_carea' id='block_1_1' title="bbox 790 413 917 524">
    <p class='ocr_par' dir='ltr' id='par_1_1' title="bbox 790 413 917 524">
     <span class='ocr_line' id='line_1_1' title="bbox 790 413 917 524; baseline 0.016 -2"><span class='ocrx_word' id='word_1_1' title='bbox 790 413 917 524; x_wconf 69' lang='lat' dir='ltr'><strong>(iti)</strong></span> 
     </span>
    </p>
   </div>
   <div class='ocr_carea' id='block_1_2' title="bbox 323 609 1430 3642">
    <p class='ocr_par' dir='ltr' id='par_1_2' title="bbox 323 609 1134 706">
     <span class='ocr_line' id='line_1_2' title="bbox 323 609 1134 706; baseline -0.002 -19"><span class='ocrx_word' id='word_1_2' title='bbox 323 629 376 705; x_wconf 84' lang='lat' dir='ltr'><strong>qui</strong></span> <span class='ocrx_word' id='word_1_3' title='bbox 396 627 530 686; x_wconf 84' lang='lat' dir='ltr'><strong>efficiunt</strong></span> <span class='ocrx_word' id='word_1_4' title='bbox 552 617 732 706; x_wconf 70' lang='lat' dir='ltr'>praedictam</span> <span class='ocrx_word' id='word_1_5' title='bbox 754 615 912 700; x_wconf 85' lang='lat' dir='ltr'><strong>summam,</strong></span> <span class='ocrx_word' id='word_1_6' title='bbox 1026 617 1029 635; x_wconf 68' lang='lat'>²</span> <span class='ocrx_word' id='word_1_7' title='bbox 1065 609 1067 617; x_wconf 43' lang='lat'><em>&#39;</em></span> <span class='ocrx_word' id='word_1_8' title='bbox 1130 647 1134 656; x_wconf 91' lang='lat'><em>·</em></span> 
     </span>
    </p>

    <p class='ocr_par' dir='ltr' id='par_1_3' title="bbox 324 725 1000 787">
     <span class='ocr_line' id='line_1_3' title="bbox 324 725 1000 787; baseline 0 0"><span class='ocrx_word' id='word_1_9' title='bbox 324 727 446 787; x_wconf 79' lang='lat' dir='ltr'><strong>inclusis</strong></span> <span class='ocrx_word' id='word_1_10' title='bbox 461 725 564 787; x_wconf 91' lang='lat' dir='ltr'><strong>drcem</strong></span> <span class='ocrx_word' id='word_1_11' title='bbox 585 736 615 785; x_wconf 88' lang='lat' dir='ltr'><strong>et</strong></span> <span class='ocrx_word' id='word_1_12' title='bbox 633 735 699 786; x_wconf 85' lang='lat' dir='ltr'><strong>octo</strong></span> <span class='ocrx_word' id='word_1_13' title='bbox 720 727 868 787; x_wconf 83' lang='lat' dir='ltr'><strong>coronatis</strong></span> <span class='ocrx_word' id='word_1_14' title='bbox 882 727 908 787; x_wconf 85' lang='lat' dir='ltr'><strong>ci</strong></span> <span class='ocrx_word' id='word_1_15' title='bbox 957 743 976 761; x_wconf 72' lang='grc'><strong>·’</strong></span> <span class='ocrx_word' id='word_1_16' title='bbox 998 737 1000 754; x_wconf 72' lang='lat'><em>¹</em></span> 
     </span>
    </p>

    <p class='ocr_par' dir='ltr' id='par_1_4' title="bbox 325 817 979 908">
     <span class='ocr_line' id='line_1_4' title="bbox 325 817 979 908; baseline 0 -18"><span class='ocrx_word' id='word_1_17' title='bbox 325 831 488 890; x_wconf 89' lang='lat' dir='ltr'><strong>numeratis</strong></span> <span class='ocrx_word' id='word_1_18' title='bbox 504 848 558 908; x_wconf 87' lang='lat' dir='ltr'><strong>pro</strong></span> <span class='ocrx_word' id='word_1_19' title='bbox 577 829 725 908; x_wconf 89' lang='lat' dir='ltr'><strong>stipendio</strong></span> <span class='ocrx_word' id='word_1_20' title='bbox 740 817 910 890; x_wconf 48' lang='lat' dir='ltr'><strong>irremotus</strong></span> <span class='ocrx_word' id='word_1_21' title='bbox 977 850 979 861; x_wconf 64' lang='grc'><strong><em>’</em></strong></span> 
     </span>
    </p>

    <p class='ocr_par' dir='ltr' id='par_1_5' title="bbox 323 931 1394 1022">
     <span class='ocr_line' id='line_1_5' title="bbox 323 931 1394 1022; baseline -0.001 -31"><span class='ocrx_word' id='word_1_22' title='bbox 323 931 525 1010; x_wconf 77' lang='lat' dir='ltr'><strong>aialium,qui</strong></span> <span class='ocrx_word' id='word_1_23' title='bbox 546 931 717 991; x_wconf 88' lang='lat' dir='ltr'><strong>servierunt</strong></span> <span class='ocrx_word' id='word_1_24' title='bbox 739 949 908 1008; x_wconf 89' lang='lat' dir='ltr'><strong>perunum</strong></span> <span class='ocrx_word' id='word_1_25' title='bbox 1042 1012 1044 1018; x_wconf 13' lang='grc' dir='ltr'><strong><em>γ</em></strong></span> <span class='ocrx_word' id='word_1_26' title='bbox 1379 1006 1394 1022; x_wconf 92' lang='lat'><strong>..</strong></span> 
     </span>
    </p>

    <p class='ocr_par' dir='ltr' id='par_1_6' title="bbox 323 1013 1416 1112">
     <span class='ocr_line' id='line_1_6' title="bbox 323 1013 1416 1112; baseline -0.004 -20"><span class='ocrx_word' id='word_1_27' title='bbox 323 1021 908 1112; x_wconf 66' lang='lat' dir='ltr'><strong>menseminequitatu,inquoipse‘erat</strong></span> <span class='ocrx_word' id='word_1_28' title='bbox 1069 1013 1072 1021; x_wconf 43' lang='lat'><strong>¹</strong></span> <span class='ocrx_word' id='word_1_29' title='bbox 1152 1052 1160 1081; x_wconf 68' lang='lat' dir='ltr'><strong>r</strong></span> <span class='ocrx_word' id='word_1_30' title='bbox 1377 1026 1416 1088; x_wconf 70' lang='lat' dir='ltr'><strong>“s</strong></span> 
     </span>
    </p>

    <p class='ocr_par' dir='ltr' id='par_1_7' title="bbox 324 1134 1308 1320">
     <span class='ocr_line' id='line_1_7' title="bbox 324 1134 1297 1220; baseline 0.003 -28"><span class='ocrx_word' id='word_1_31' title='bbox 324 1134 457 1193; x_wconf 89' lang='lat' dir='ltr'><strong>auditor.&#39;</strong></span> <span class='ocrx_word' id='word_1_32' title='bbox 505 1164 509 1170; x_wconf 49' lang='grc'><strong>’</strong></span> <span class='ocrx_word' id='word_1_33' title='bbox 558 1150 560 1154; x_wconf 84' lang='grc'><strong>’</strong></span> <span class='ocrx_word' id='word_1_34' title='bbox 948 1136 1028 1196; x_wconf 66' lang='lat' dir='ltr'><strong>tete</strong></span> <span class='ocrx_word' id='word_1_35' title='bbox 1041 1153 1102 1195; x_wconf 90' lang='lat' dir='ltr'><strong>cor.</strong></span> <span class='ocrx_word' id='word_1_36' title='bbox 1117 1137 1151 1194; x_wconf 74' lang='grc'><strong>51</strong></span> <span class='ocrx_word' id='word_1_37' title='bbox 1173 1148 1199 1195; x_wconf 87' lang='lat' dir='ltr'><strong>st</strong></span> <span class='ocrx_word' id='word_1_38' title='bbox 1292 1207 1297 1220; x_wconf 29' lang='lat' dir='ltr'>s</span> 
     </span>
     <span class='ocr_line' id='line_1_8' title="bbox 364 1217 1308 1313; baseline 0 -19"><span class='ocrx_word' id='word_1_39' title='bbox 364 1235 470 1294; x_wconf 80' lang='lat' dir='ltr'><strong>ioanni</strong></span> <span class='ocrx_word' id='word_1_40' title='bbox 492 1235 529 1294; x_wconf 92' lang='lat' dir='ltr'><strong>de</strong></span> <span class='ocrx_word' id='word_1_41' title='bbox 551 1235 636 1294; x_wconf 79' lang='lat' dir='ltr'><strong>Beira</strong></span> <span class='ocrx_word' id='word_1_42' title='bbox 657 1235 811 1313; x_wconf 83' lang='lat' dir='ltr'><strong>capitaneo</strong></span> <span class='ocrx_word' id='word_1_43' title='bbox 832 1218 930 1294; x_wconf 78' lang='lat' dir='ltr'><strong>cam·&#39;</strong></span> <span class='ocrx_word' id='word_1_44' title='bbox 1031 1217 1035 1224; x_wconf 41' lang='grc'><strong>”</strong></span> <span class='ocrx_word' id='word_1_45' title='bbox 1204 1231 1206 1236; x_wconf 79' lang='grc'><strong>’</strong></span> <span class='ocrx_word' id='word_1_46' title='bbox 1256 1232 1268 1278; x_wconf 69' lang='lat'><strong>&lt;⁷</strong></span> <span class='ocrx_word' id='word_1_47' title='bbox 1305 1259 1308 1262; x_wconf 95' lang='lat'>·</span> 
     </span>
    </p>

    <p class='ocr_par' dir='ltr' id='par_1_8' title="bbox 325 1335 984 1416">
     <span class='ocr_line' id='line_1_9' title="bbox 325 1335 984 1416; baseline 0.003 -22"><span class='ocrx_word' id='word_1_48' title='bbox 325 1355 420 1416; x_wconf 85' lang='lat' dir='ltr'><strong>panae</strong></span> <span class='ocrx_word' id='word_1_49' title='bbox 436 1346 468 1396; x_wconf 93' lang='lat' dir='ltr'><strong>et</strong></span> <span class='ocrx_word' id='word_1_50' title='bbox 487 1335 656 1415; x_wconf 86' lang='lat' dir='ltr'><strong>praeposito</strong></span> <span class='ocrx_word' id='word_1_51' title='bbox 675 1336 804 1413; x_wconf 72' lang='lat' dir='ltr'><strong>generali</strong></span> <span class='ocrx_word' id='word_1_52' title='bbox 830 1335 908 1414; x_wconf 90' lang='lat' dir='ltr'><strong>ejus·</strong></span> <span class='ocrx_word' id='word_1_53' title='bbox 982 1367 984 1371; x_wconf 96' lang='lat'>·</span> 
     </span>
    </p>

    <p class='ocr_par' dir='ltr' id='par_1_9' title="bbox 325 1425 911 1516">
     <span class='ocr_line' id='line_1_10' title="bbox 325 1425 911 1516; baseline 0 -20"><span class='ocrx_word' id='word_1_54' title='bbox 325 1436 393 1496; x_wconf 91' lang='lat' dir='ltr'><strong>dem</strong></span> <span class='ocrx_word' id='word_1_55' title='bbox 422 1435 570 1496; x_wconf 83' lang='lat' dir='ltr'><strong>exercitus</strong></span> <span class='ocrx_word' id='word_1_56' title='bbox 592 1454 648 1516; x_wconf 89' lang='lat' dir='ltr'><strong>pro</strong></span> <span class='ocrx_word' id='word_1_57' title='bbox 669 1435 818 1514; x_wconf 88' lang='lat' dir='ltr'><strong>stipendio</strong></span> <span class='ocrx_word' id='word_1_58' title='bbox 840 1425 911 1496; x_wconf 81' lang='lat' dir='ltr'><strong>suae</strong></span> 
     </span>
    </p>

    <p class='ocr_par' dir='ltr' id='par_1_10' title="bbox 325 1535 911 1614">
     <span class='ocr_line' id='line_1_11' title="bbox 325 1535 911 1614; baseline 0.002 -18"><span class='ocrx_word' id='word_1_59' title='bbox 325 1554 471 1614; x_wconf 80' lang='lat' dir='ltr'><strong>personae</strong></span> <span class='ocrx_word' id='word_1_60' title='bbox 509 1546 539 1597; x_wconf 89' lang='lat' dir='ltr'><strong>et</strong></span> <span class='ocrx_word' id='word_1_61' title='bbox 572 1535 742 1597; x_wconf 83' lang='lat' dir='ltr'><strong>officialium</strong></span> <span class='ocrx_word' id='word_1_62' title='bbox 777 1545 806 1596; x_wconf 84' lang='lat' dir='ltr'><strong>et</strong></span> <span class='ocrx_word' id='word_1_63' title='bbox 838 1539 911 1597; x_wconf 88' lang='lat' dir='ltr'><strong>duo·</strong></span> 
     </span>
    </p>

    <p class='ocr_par' dir='ltr' id='par_1_11' title="bbox 325 1621 1015 1716">
     <span class='ocr_line' id='line_1_12' title="bbox 325 1621 1015 1716; baseline 0.004 -20"><span class='ocrx_word' id='word_1_64' title='bbox 325 1636 421 1697; x_wconf 80' lang='lat' dir='ltr'><strong>decim</strong></span> <span class='ocrx_word' id='word_1_65' title='bbox 444 1638 590 1716; x_wconf 89' lang='lat' dir='ltr'><strong>equitum,</strong></span> <span class='ocrx_word' id='word_1_66' title='bbox 610 1657 685 1716; x_wconf 89' lang='lat' dir='ltr'><strong>quos</strong></span> <span class='ocrx_word' id='word_1_67' title='bbox 706 1637 758 1698; x_wconf 88' lang='lat' dir='ltr'><strong>aiit</strong></span> <span class='ocrx_word' id='word_1_68' title='bbox 779 1639 814 1699; x_wconf 89' lang='lat' dir='ltr'><strong>ad</strong></span> <span class='ocrx_word' id='word_1_69' title='bbox 840 1623 909 1698; x_wconf 82' lang='lat' dir='ltr'><strong>cxc·</strong></span> <span class='ocrx_word' id='word_1_70' title='bbox 1012 1621 1015 1630; x_wconf 48' lang='lat'><strong><em>¹</em></strong></span> 
     </span>
    </p>

    <p class='ocr_par' dir='ltr' id='par_1_12' title="bbox 324 1729 911 1818">
     <span class='ocr_line' id='line_1_13' title="bbox 324 1729 911 1818; baseline 0.002 -19"><span class='ocrx_word' id='word_1_71' title='bbox 324 1739 476 1799; x_wconf 85' lang='lat' dir='ltr'><strong>cntionem</strong></span> <span class='ocrx_word' id='word_1_72' title='bbox 497 1739 645 1818; x_wconf 74' lang='lat' dir='ltr'><strong>justiciae,</strong></span> <span class='ocrx_word' id='word_1_73' title='bbox 668 1759 683 1799; x_wconf 87' lang='lat' dir='ltr'><strong>a</strong></span> <span class='ocrx_word' id='word_1_74' title='bbox 709 1759 718 1799; x_wconf 88' lang='lat' dir='ltr'><strong>r</strong></span> <span class='ocrx_word' id='word_1_75' title='bbox 748 1741 815 1802; x_wconf 87' lang='lat' dir='ltr'><strong>maii</strong></span> <span class='ocrx_word' id='word_1_76' title='bbox 837 1729 911 1800; x_wconf 81' lang='lat' dir='ltr'><strong>anni</strong></span> 
     </span>
    </p>

    <p class='ocr_par' dir='ltr' id='par_1_13' title="bbox 325 1841 910 1920">
     <span class='ocr_line' id='line_1_14' title="bbox 325 1841 910 1920; baseline 0.005 -21"><span class='ocrx_word' id='word_1_77' title='bbox 325 1841 440 1914; x_wconf 84' lang='lat' dir='ltr'><strong>txvn,</strong></span> <span class='ocrx_word' id='word_1_78' title='bbox 460 1859 520 1918; x_wconf 86' lang='lat' dir='ltr'><strong>quo</strong></span> <span class='ocrx_word' id='word_1_79' title='bbox 541 1859 657 1902; x_wconf 90' lang='lat' dir='ltr'><strong>merere</strong></span> <span class='ocrx_word' id='word_1_80' title='bbox 679 1841 799 1918; x_wconf 79' lang='lat' dir='ltr'><strong>incepit,</strong></span> <span class='ocrx_word' id='word_1_81' title='bbox 814 1860 910 1920; x_wconf 90' lang='lat' dir='ltr'><strong>usque</strong></span> 
     </span>
    </p>

    <p class='ocr_par' dir='ltr' id='par_1_14' title="bbox 325 1941 1009 2022">
     <span class='ocr_line' id='line_1_15' title="bbox 325 1941 1009 2022; baseline -0.001 -19"><span class='ocrx_word' id='word_1_82' title='bbox 325 1942 362 2003; x_wconf 86' lang='lat' dir='ltr'><strong>ad</strong></span> <span class='ocrx_word' id='word_1_83' title='bbox 384 1941 476 2002; x_wconf 85' lang='lat' dir='ltr'><strong>{inem</strong></span> <span class='ocrx_word' id='word_1_84' title='bbox 498 1942 677 2022; x_wconf 82' lang='lat' dir='ltr'><strong>septembris</strong></span> <span class='ocrx_word' id='word_1_85' title='bbox 698 1942 910 2002; x_wconf 76' lang='lat' dir='ltr'><strong>LXX&#39;centum</strong></span> <span class='ocrx_word' id='word_1_86' title='bbox 1007 1977 1009 1980; x_wconf 34' lang='lat' dir='ltr'>v</span> 
     </span>
    </p>

    <p class='ocr_par' dir='ltr' id='par_1_15' title="bbox 324 2024 1084 2124">
     <span class='ocr_line' id='line_1_16' title="bbox 324 2024 1084 2124; baseline 0.003 -22"><span class='ocrx_word' id='word_1_87' title='bbox 324 2043 539 2124; x_wconf 78' lang='lat' dir='ltr'><strong>quinquaginta</strong></span> <span class='ocrx_word' id='word_1_88' title='bbox 550 2044 815 2105; x_wconf 85' lang='lat' dir='ltr'><strong>octocorcnatisin</strong></span> <span class='ocrx_word' id='word_1_89' title='bbox 832 2064 913 2104; x_wconf 85' lang='lat' dir='ltr'><strong>men·</strong></span> <span class='ocrx_word' id='word_1_90' title='bbox 1081 2024 1084 2033; x_wconf 35' lang='lat'><strong><em>¹</em></strong></span> 
     </span>
    </p>

    <p class='ocr_par' dir='ltr' id='par_1_16' title="bbox 325 2145 909 2226">
     <span class='ocr_line' id='line_1_17' title="bbox 325 2145 909 2226; baseline -0.002 -19"><span class='ocrx_word' id='word_1_91' title='bbox 325 2164 373 2207; x_wconf 90' lang='lat' dir='ltr'><strong>ses</strong></span> <span class='ocrx_word' id='word_1_92' title='bbox 392 2145 525 2224; x_wconf 83' lang='lat' dir='ltr'><strong>singulos</strong></span> <span class='ocrx_word' id='word_1_93' title='bbox 544 2147 647 2226; x_wconf 86' lang='lat' dir='ltr'><strong>primis</strong></span> <span class='ocrx_word' id='word_1_94' title='bbox 667 2145 784 2207; x_wconf 88' lang='lat' dir='ltr'><strong>duobus</strong></span> <span class='ocrx_word' id='word_1_95' title='bbox 803 2149 909 2206; x_wconf 90' lang='lat' dir='ltr'><strong>mensi·</strong></span> 
     </span>
    </p>

    <p class='ocr_par' dir='ltr' id='par_1_17' title="bbox 327 2246 910 2308">
     <span class='ocr_line' id='line_1_18' title="bbox 327 2246 910 2308; baseline 0 -2"><span class='ocrx_word' id='word_1_96' title='bbox 327 2246 383 2306; x_wconf 91' lang='lat' dir='ltr'><strong>bus</strong></span> <span class='ocrx_word' id='word_1_97' title='bbox 405 2247 434 2307; x_wconf 92' lang='lat' dir='ltr'><strong>in</strong></span> <span class='ocrx_word' id='word_1_98' title='bbox 456 2249 601 2308; x_wconf 84' lang='lat' dir='ltr'><strong>coronatis</strong></span> <span class='ocrx_word' id='word_1_99' title='bbox 621 2257 742 2308; x_wconf 92' lang='lat' dir='ltr'><strong>centum</strong></span> <span class='ocrx_word' id='word_1_100' title='bbox 764 2261 794 2308; x_wconf 89' lang='lat' dir='ltr'><strong>et</strong></span> <span class='ocrx_word' id='word_1_101' title='bbox 808 2247 910 2306; x_wconf 87' lang='lat' dir='ltr'><strong>decem</strong></span> 
     </span>
    </p>

    <p class='ocr_par' dir='ltr' id='par_1_18' title="bbox 326 2347 909 2428">
     <span class='ocr_line' id='line_1_19' title="bbox 326 2347 909 2428; baseline -0.003 -20"><span class='ocrx_word' id='word_1_102' title='bbox 326 2347 488 2408; x_wconf 89' lang='lat' dir='ltr'><strong>solidorum</strong></span> <span class='ocrx_word' id='word_1_103' title='bbox 503 2349 619 2428; x_wconf 87' lang='lat' dir='ltr'><strong>reliquo</strong></span> <span class='ocrx_word' id='word_1_104' title='bbox 637 2348 909 2428; x_wconf 64' lang='lat' dir='ltr'><strong>tcmpcrcsstriginta</strong></span> 
     </span>
    </p>

    <p class='ocr_par' dir='ltr' id='par_1_19' title="bbox 326 2449 913 2527">
     <span class='ocr_line' id='line_1_20' title="bbox 326 2449 913 2527; baseline -0.002 -18"><span class='ocrx_word' id='word_1_105' title='bbox 326 2468 434 2510; x_wconf 87' lang='lat' dir='ltr'><strong>novem</strong></span> <span class='ocrx_word' id='word_1_106' title='bbox 446 2449 629 2510; x_wconf 87' lang='lat' dir='ltr'><strong>stut&#39;erorum</strong></span> <span class='ocrx_word' id='word_1_107' title='bbox 641 2449 762 2510; x_wconf 84' lang='lat' dir='ltr'><strong>inclusis</strong></span> <span class='ocrx_word' id='word_1_108' title='bbox 772 2449 913 2527; x_wconf 86' lang='lat' dir='ltr'><strong>quadrin-</strong></span> 
     </span>
    </p>

    <p class='ocr_par' dir='ltr' id='par_1_20' title="bbox 325 2549 910 2631">
     <span class='ocr_line' id='line_1_21' title="bbox 325 2549 910 2631; baseline -0.003 -21"><span class='ocrx_word' id='word_1_109' title='bbox 325 2549 422 2629; x_wconf 78' lang='lat' dir='ltr'><strong>gentis</strong></span> <span class='ocrx_word' id='word_1_110' title='bbox 441 2551 634 2631; x_wconf 82' lang='lat' dir='ltr'><strong>quadragiuta</strong></span> <span class='ocrx_word' id='word_1_111' title='bbox 651 2549 748 2611; x_wconf 88' lang='lat' dir='ltr'><strong>tribus</strong></span> <span class='ocrx_word' id='word_1_112' title='bbox 763 2549 910 2612; x_wconf 81' lang='lat' dir='ltr'><strong>coronatis</strong></span> 
     </span>
    </p>

    <p class='ocr_par' dir='ltr' id='par_1_21' title="bbox 328 2653 968 2732">
     <span class='ocr_line' id='line_1_22' title="bbox 328 2653 968 2732; baseline 0 -21"><span class='ocrx_word' id='word_1_113' title='bbox 328 2670 382 2729; x_wconf 89' lang='lat' dir='ltr'><strong>pro</strong></span> <span class='ocrx_word' id='word_1_114' title='bbox 396 2653 545 2732; x_wconf 88' lang='lat' dir='ltr'><strong>stipendio</strong></span> <span class='ocrx_word' id='word_1_115' title='bbox 566 2653 669 2712; x_wconf 92' lang='lat' dir='ltr'><strong>decem</strong></span> <span class='ocrx_word' id='word_1_116' title='bbox 690 2663 720 2712; x_wconf 93' lang='lat' dir='ltr'><strong>et</strong></span> <span class='ocrx_word' id='word_1_117' title='bbox 738 2662 804 2712; x_wconf 85' lang='lat' dir='ltr'><strong>octe</strong></span> <span class='ocrx_word' id='word_1_118' title='bbox 825 2653 908 2729; x_wconf 87' lang='lat' dir='ltr'><strong>equi·</strong></span> <span class='ocrx_word' id='word_1_119' title='bbox 965 2685 968 2691; x_wconf 62' lang='lat'>&lt;</span> 
     </span>
    </p>

    <p class='ocr_par' dir='ltr' id='par_1_22' title="bbox 327 2753 911 2833">
     <span class='ocr_line' id='line_1_23' title="bbox 327 2753 911 2833; baseline 0.002 -22"><span class='ocrx_word' id='word_1_120' title='bbox 327 2765 390 2812; x_wconf 92' lang='lat' dir='ltr'><strong>tum</strong></span> <span class='ocrx_word' id='word_1_121' title='bbox 419 2765 448 2812; x_wconf 89' lang='lat' dir='ltr'><strong>et</strong></span> <span class='ocrx_word' id='word_1_122' title='bbox 477 2753 607 2814; x_wconf 91' lang='lat' dir='ltr'><strong>duorum</strong></span> <span class='ocrx_word' id='word_1_123' title='bbox 634 2754 831 2833; x_wconf 83' lang='lat' dir='ltr'><strong>aiguasilinm‚</strong></span> <span class='ocrx_word' id='word_1_124' title='bbox 859 2753 911 2832; x_wconf 92' lang='lat' dir='ltr'><strong>qui</strong></span> 
     </span>
    </p>

    <p class='ocr_par' dir='ltr' id='par_1_23' title="bbox 327 2853 907 2932">
     <span class='ocr_line' id='line_1_24' title="bbox 327 2853 907 2932; baseline 0.003 -20"><span class='ocrx_word' id='word_1_125' title='bbox 327 2865 446 2932; x_wconf 78' lang='lat' dir='ltr'><strong>prateter</strong></span> <span class='ocrx_word' id='word_1_126' title='bbox 466 2853 634 2914; x_wconf 87' lang='lat' dir='ltr'><strong>ordinarios</strong></span> <span class='ocrx_word' id='word_1_127' title='bbox 650 2855 742 2914; x_wconf 88' lang='lat' dir='ltr'><strong>additi</strong></span> <span class='ocrx_word' id='word_1_128' title='bbox 764 2855 822 2915; x_wconf 85' lang='lat' dir='ltr'><strong>iilis</strong></span> <span class='ocrx_word' id='word_1_129' title='bbox 834 2863 907 2914; x_wconf 71' lang='lat' dir='ltr'><strong>&#39;suut</strong></span> 
     </span>
    </p>

    <p class='ocr_par' dir='ltr' id='par_1_24' title="bbox 324 2954 910 3033">
     <span class='ocr_line' id='line_1_25' title="bbox 324 2954 910 3033; baseline 0.002 -19"><span class='ocrx_word' id='word_1_130' title='bbox 324 2955 396 3032; x_wconf 89' lang='lat' dir='ltr'><strong>ipsis</strong></span> <span class='ocrx_word' id='word_1_131' title='bbox 412 2954 570 3014; x_wconf 85' lang='lat' dir='ltr'><strong>necessarii</strong></span> <span class='ocrx_word' id='word_1_132' title='bbox 584 2957 621 3014; x_wconf 87' lang='lat' dir='ltr'><strong>ad</strong></span> <span class='ocrx_word' id='word_1_133' title='bbox 642 2957 846 3016; x_wconf 79' lang='lat' dir='ltr'><strong>executionem</strong></span> <span class='ocrx_word' id='word_1_134' title='bbox 862 2957 910 3033; x_wconf 91' lang='lat' dir='ltr'><strong>ju·</strong></span> 
     </span>
    </p>

    <p class='ocr_par' dir='ltr' id='par_1_25' title="bbox 325 3055 908 3135">
     <span class='ocr_line' id='line_1_26' title="bbox 325 3055 908 3135; baseline 0.003 -21"><span class='ocrx_word' id='word_1_135' title='bbox 325 3055 422 3116; x_wconf 87' lang='lat' dir='ltr'><strong>stitiae</strong></span> <span class='ocrx_word' id='word_1_136' title='bbox 442 3055 472 3116; x_wconf 91' lang='lat' dir='ltr'><strong>in</strong></span> <span class='ocrx_word' id='word_1_137' title='bbox 494 3057 619 3116; x_wconf 89' lang='lat' dir='ltr'><strong>diversis</strong></span> <span class='ocrx_word' id='word_1_138' title='bbox 641 3058 836 3135; x_wconf 79' lang='lat' dir='ltr'><strong>temporibus,</strong></span> <span class='ocrx_word' id='word_1_139' title='bbox 856 3057 908 3116; x_wconf 92' lang='lat' dir='ltr'><strong>de·</strong></span> 
     </span>
    </p>

    <p class='ocr_par' dir='ltr' id='par_1_26' title="bbox 324 3155 908 3237">
     <span class='ocr_line' id='line_1_27' title="bbox 324 3155 908 3237; baseline 0.007 -22"><span class='ocrx_word' id='word_1_140' title='bbox 324 3155 420 3217; x_wconf 89' lang='lat' dir='ltr'><strong>ductis</strong></span> <span class='ocrx_word' id='word_1_141' title='bbox 434 3159 582 3236; x_wconf 82' lang='lat' dir='ltr'><strong>octoginta</strong></span> <span class='ocrx_word' id='word_1_142' title='bbox 594 3160 743 3218; x_wconf 88' lang='lat' dir='ltr'><strong>coronatis</strong></span> <span class='ocrx_word' id='word_1_143' title='bbox 754 3179 790 3220; x_wconf 86' lang='lat' dir='ltr'><strong>ex</strong></span> <span class='ocrx_word' id='word_1_144' title='bbox 805 3161 908 3237; x_wconf 84' lang='lat' dir='ltr'><strong>aliqui·</strong></span> 
     </span>
    </p>

    <p class='ocr_par' dir='ltr' id='par_1_27' title="bbox 325 3259 907 3337">
     <span class='ocr_line' id='line_1_28' title="bbox 325 3259 907 3337; baseline 0 -18"><span class='ocrx_word' id='word_1_145' title='bbox 325 3259 381 3320; x_wconf 86' lang='lat' dir='ltr'><strong>bus</strong></span> <span class='ocrx_word' id='word_1_146' title='bbox 401 3259 586 3330; x_wconf 85' lang='lat' dir='ltr'><strong>officialibus,</strong></span> <span class='ocrx_word' id='word_1_147' title='bbox 605 3260 656 3337; x_wconf 90' lang='lat' dir='ltr'><strong>qui</strong></span> <span class='ocrx_word' id='word_1_148' title='bbox 677 3261 792 3322; x_wconf 88' lang='lat' dir='ltr'><strong>servire</strong></span> <span class='ocrx_word' id='word_1_149' title='bbox 813 3261 907 3321; x_wconf 82' lang='lat' dir='ltr'><strong>desic-</strong></span> 
     </span>
    </p>

    <p class='ocr_par' dir='ltr' id='par_1_28' title="bbox 324 3361 909 3442">
     <span class='ocr_line' id='line_1_29' title="bbox 324 3361 909 3442; baseline 0.002 -22"><span class='ocrx_word' id='word_1_150' title='bbox 324 3373 405 3434; x_wconf 87' lang='lat' dir='ltr'><strong>runt,</strong></span> <span class='ocrx_word' id='word_1_151' title='bbox 420 3380 471 3422; x_wconf 83' lang='lat' dir='ltr'><strong>sex</strong></span> <span class='ocrx_word' id='word_1_152' title='bbox 486 3361 566 3420; x_wconf 87' lang='lat' dir='ltr'><strong>miiie</strong></span> <span class='ocrx_word' id='word_1_153' title='bbox 579 3361 788 3440; x_wconf 78' lang='lat' dir='ltr'><strong>quadringenti</strong></span> <span class='ocrx_word' id='word_1_154' title='bbox 807 3363 909 3442; x_wconf 81' lang='lat' dir='ltr'><strong>viginti</strong></span> 
     </span>
    </p>

    <p class='ocr_par' dir='ltr' id='par_1_29' title="bbox 325 3447 908 3525">
     <span class='ocr_line' id='line_1_30' title="bbox 325 3447 908 3525; baseline 0 -3"><span class='ocrx_word' id='word_1_155' title='bbox 325 3482 433 3523; x_wconf 86' lang='lat' dir='ltr'><strong>novem</strong></span> <span class='ocrx_word' id='word_1_156' title='bbox 457 3465 589 3523; x_wconf 87' lang='lat' dir='ltr'><strong>coronati</strong></span> <span class='ocrx_word' id='word_1_157' title='bbox 616 3464 718 3523; x_wconf 90' lang='lat' dir='ltr'><strong>decem</strong></span> <span class='ocrx_word' id='word_1_158' title='bbox 744 3447 849 3525; x_wconf 84' lang='lat' dir='ltr'><strong>stuieri</strong></span> <span class='ocrx_word' id='word_1_159' title='bbox 878 3473 908 3523; x_wconf 89' lang='lat' dir='ltr'><strong>et</strong></span> 
     </span>
    </p>

    <p class='ocr_par' dir='ltr' id='par_1_30' title="bbox 325 3551 1430 3642">
     <span class='ocr_line' id='line_1_31' title="bbox 325 3551 1430 3642; baseline -0.004 -19"><span class='ocrx_word' id='word_1_160' title='bbox 325 3577 453 3642; x_wconf 89' lang='lat' dir='ltr'><strong>quatuor</strong></span> <span class='ocrx_word' id='word_1_161' title='bbox 466 3566 555 3625; x_wconf 87' lang='lat' dir='ltr'><strong>oboii.</strong></span> <span class='ocrx_word' id='word_1_162' title='bbox 949 3565 1028 3625; x_wconf 71' lang='lat' dir='ltr'><strong>utta</strong></span> <span class='ocrx_word' id='word_1_163' title='bbox 1042 3585 1093 3624; x_wconf 85' lang='lat' dir='ltr'><strong>cnr</strong></span> <span class='ocrx_word' id='word_1_164' title='bbox 1119 3567 1157 3622; x_wconf 84' lang='lat' dir='ltr'><strong>tt)</strong></span> <span class='ocrx_word' id='word_1_165' title='bbox 1171 3553 1237 3623; x_wconf 47' lang='lat' dir='ltr'><strong>stri</strong></span> <span class='ocrx_word' id='word_1_166' title='bbox 1254 3564 1300 3622; x_wconf 90' lang='lat' dir='ltr'><strong>ob.</strong></span> <span class='ocrx_word' id='word_1_167' title='bbox 1311 3562 1353 3640; x_wconf 71' lang='lat' dir='ltr'><strong>(is)</strong></span> <span class='ocrx_word' id='word_1_168' title='bbox 1379 3551 1430 3619; x_wconf 68' lang='lat' dir='ltr'><strong>:tu-³</strong></span> 
     </span>
    </p>
   </div>
   <div class='ocr_carea' id='block_1_3' title="bbox 326 3904 1355 4072">
    <p class='ocr_par' dir='ltr' id='par_1_31' title="bbox 326 3904 1355 4072">
     <span class='ocr_line' id='line_1_32' title="bbox 362 3904 1355 3979; baseline -0.002 -21"><span class='ocrx_word' id='word_1_169' title='bbox 362 3904 403 3977; x_wconf 82' lang='lat' dir='ltr'><strong>(i)</strong></span> <span class='ocrx_word' id='word_1_170' title='bbox 425 3907 445 3959; x_wconf 87' lang='lat' dir='ltr'><strong>ii</strong></span> <span class='ocrx_word' id='word_1_171' title='bbox 459 3908 545 3978; x_wconf 81' lang='lat' dir='ltr'><strong>paruit</strong></span> <span class='ocrx_word' id='word_1_172' title='bbox 561 3925 613 3979; x_wconf 91' lang='lat' dir='ltr'><strong>que</strong></span> <span class='ocrx_word' id='word_1_173' title='bbox 624 3915 693 3962; x_wconf 87' lang='lat' dir='ltr'><strong>cette</strong></span> <span class='ocrx_word' id='word_1_174' title='bbox 705 3924 808 3961; x_wconf 88' lang='lat' dir='ltr'><strong>somme</strong></span> <span class='ocrx_word' id='word_1_175' title='bbox 825 3924 859 3960; x_wconf 92' lang='lat' dir='ltr'><strong>ne</strong></span> <span class='ocrx_word' id='word_1_176' title='bbox 870 3907 1004 3961; x_wconf 87' lang='lat' dir='ltr'><strong>s&#39;accorde</strong></span> <span class='ocrx_word' id='word_1_177' title='bbox 1018 3923 1065 3978; x_wconf 87' lang='lat' dir='ltr'><strong>pas</strong></span> <span class='ocrx_word' id='word_1_178' title='bbox 1083 3921 1136 3960; x_wconf 85' lang='lat' dir='ltr'><strong>aux</strong></span> <span class='ocrx_word' id='word_1_179' title='bbox 1154 3904 1215 3958; x_wconf 81' lang='lat' dir='ltr'><strong>iniis</strong></span> <span class='ocrx_word' id='word_1_180' title='bbox 1235 3920 1355 3958; x_wconf 89' lang='lat' dir='ltr'><strong>commu·</strong></span> 
     </span>
     <span class='ocr_line' id='line_1_33' title="bbox 326 4001 631 4072; baseline 0.02 -18"><span class='ocrx_word' id='word_1_181' title='bbox 326 4001 421 4072; x_wconf 75' lang='lat' dir='ltr'><strong>niquis</strong></span> <span class='ocrx_word' id='word_1_182' title='bbox 432 4005 499 4058; x_wconf 91' lang='lat' dir='ltr'><strong>dans</strong></span> <span class='ocrx_word' id='word_1_183' title='bbox 513 4005 538 4057; x_wconf 87' lang='lat' dir='ltr'><strong>lc</strong></span> <span class='ocrx_word' id='word_1_184' title='bbox 552 4013 631 4060; x_wconf 81' lang='lat' dir='ltr'><strong>texte.</strong></span> 
     </span>
    </p>
   </div>
   <div class='ocr_carea' id='block_1_4' title="bbox 0 0 1569 4908">
    <p class='ocr_par' dir='ltr' id='par_1_32' title="bbox 0 0 1569 4908">
     <span class='ocr_line' id='line_1_34' title="bbox 0 0 1569 4908; baseline 0 0"><span class='ocrx_word' id='word_1_185' title='bbox 0 0 1569 4908; x_wconf 95' lang='lat' dir='ltr'><strong> </strong></span> 
     </span>
    </p>
   </div>
  </div>
 </body>
</html>
