<?xml version="1.0" encoding="UTF-8"?>
<!DOCTYPE html PUBLIC "-//W3C//DTD XHTML 1.0 Transitional//EN"
    "http://www.w3.org/TR/xhtml1/DTD/xhtml1-transitional.dtd">
<html xmlns="http://www.w3.org/1999/xhtml" xml:lang="en" lang="en">
 <head>
  <title>
</title>
<meta http-equiv="Content-Type" content="text/html;charset=utf-8" />
  <meta name='ocr-system' content='tesseract 3.04.00' />
  <meta name='ocr-capabilities' content='ocr_page ocr_carea ocr_par ocr_line ocrx_word'/>
</head>
<body>
  <div class='ocr_page' id='page_1' title='image "./leregistredefra00lixagoog_0026.png"; bbox 0 0 3118 4908; ppageno 0'>
   <div class='ocr_carea' id='block_1_1' title="bbox 816 419 919 518">
    <p class='ocr_par' dir='ltr' id='par_1_1' title="bbox 816 419 919 518">
     <span class='ocr_line' id='line_1_1' title="bbox 816 419 919 518; baseline 0.01 -1"><span class='ocrx_word' id='word_1_1' title='bbox 816 419 919 518; x_wconf 82' lang='lat'><strong>(⁸)</strong></span> 
     </span>
    </p>
   </div>
   <div class='ocr_carea' id='block_1_2' title="bbox 352 618 1444 3021">
    <p class='ocr_par' dir='ltr' id='par_1_2' title="bbox 352 618 1444 3021">
     <span class='ocr_line' id='line_1_2' title="bbox 352 618 1383 698; baseline -0.001 -20"><span class='ocrx_word' id='word_1_2' title='bbox 352 620 437 692; x_wconf 89' lang='lat' dir='ltr'><strong>citus,</strong></span> <span class='ocrx_word' id='word_1_3' title='bbox 453 632 563 679; x_wconf 86' lang='lat' dir='ltr'><strong>etcum</strong></span> <span class='ocrx_word' id='word_1_4' title='bbox 581 619 664 679; x_wconf 90' lang='lat' dir='ltr'><strong>nobis</strong></span> <span class='ocrx_word' id='word_1_5' title='bbox 680 629 833 698; x_wconf 89' lang='lat' dir='ltr'><strong>perspecta</strong></span> <span class='ocrx_word' id='word_1_6' title='bbox 849 627 926 678; x_wconf 90' lang='lat' dir='ltr'><strong>esset</strong></span> <span class='ocrx_word' id='word_1_7' title='bbox 946 619 1147 698; x_wconf 72' lang='lat' dir='ltr'><strong>promptitudo</strong></span> <span class='ocrx_word' id='word_1_8' title='bbox 1162 618 1338 678; x_wconf 88' lang='lat' dir='ltr'><strong>sullicientia</strong></span> <span class='ocrx_word' id='word_1_9' title='bbox 1354 629 1383 678; x_wconf 93' lang='lat' dir='ltr'><strong>et</strong></span> 
     </span>
     <span class='ocr_line' id='line_1_3' title="bbox 354 719 1383 798; baseline -0.002 -17"><span class='ocrx_word' id='word_1_10' title='bbox 354 721 427 781; x_wconf 88' lang='lat' dir='ltr'><strong>fides</strong></span> <span class='ocrx_word' id='word_1_11' title='bbox 444 732 505 794; x_wconf 87' lang='lat' dir='ltr'><strong>tua,</strong></span> <span class='ocrx_word' id='word_1_12' title='bbox 525 721 681 780; x_wconf 88' lang='lat' dir='ltr'><strong>Francisce</strong></span> <span class='ocrx_word' id='word_1_13' title='bbox 703 719 826 796; x_wconf 84' lang='lat' dir='ltr'><strong>Lixaldi,</strong></span> <span class='ocrx_word' id='word_1_14' title='bbox 847 729 910 780; x_wconf 92' lang='lat' dir='ltr'><strong>tum</strong></span> <span class='ocrx_word' id='word_1_15' title='bbox 931 721 1030 791; x_wconf 84' lang='lat' dir='ltr'><strong>etiam,</strong></span> <span class='ocrx_word' id='word_1_16' title='bbox 1044 739 1134 796; x_wconf 90' lang='lat' dir='ltr'><strong>quam</strong></span> <span class='ocrx_word' id='word_1_17' title='bbox 1151 719 1233 779; x_wconf 85' lang='lat' dir='ltr'><strong>valde</strong></span> <span class='ocrx_word' id='word_1_18' title='bbox 1246 727 1277 779; x_wconf 88' lang='lat' dir='ltr'><strong>et</strong></span> <span class='ocrx_word' id='word_1_19' title='bbox 1292 721 1383 798; x_wconf 80' lang='lat' dir='ltr'><strong>probe</strong></span> 
     </span>
     <span class='ocr_line' id='line_1_4' title="bbox 355 819 1383 898; baseline -0.002 -18"><span class='ocrx_word' id='word_1_20' title='bbox 355 821 441 881; x_wconf 91' lang='lat' dir='ltr'><strong>nobis</strong></span> <span class='ocrx_word' id='word_1_21' title='bbox 460 821 604 881; x_wconf 85' lang='lat' dir='ltr'><strong>hactenus</strong></span> <span class='ocrx_word' id='word_1_22' title='bbox 623 822 652 880; x_wconf 93' lang='lat' dir='ltr'><strong>in</strong></span> <span class='ocrx_word' id='word_1_23' title='bbox 680 821 736 896; x_wconf 88' lang='lat' dir='ltr'><strong>his,</strong></span> <span class='ocrx_word' id='word_1_24' title='bbox 756 840 832 898; x_wconf 91' lang='lat' dir='ltr'><strong>qnae</strong></span> <span class='ocrx_word' id='word_1_25' title='bbox 847 820 1002 881; x_wconf 87' lang='lat' dir='ltr'><strong>commissa</strong></span> <span class='ocrx_word' id='word_1_26' title='bbox 1028 819 1080 880; x_wconf 89' lang='lat' dir='ltr'><strong>tibi</strong></span> <span class='ocrx_word' id='word_1_27' title='bbox 1096 820 1189 892; x_wconf 75' lang='lat' dir='ltr'><strong>luera,</strong></span> <span class='ocrx_word' id='word_1_28' title='bbox 1204 821 1383 891; x_wconf 81' lang='lat' dir='ltr'><strong>inservieris,</strong></span> 
     </span>
     <span class='ocr_line' id='line_1_5' title="bbox 356 905 1383 1001; baseline 0 -21"><span class='ocrx_word' id='word_1_29' title='bbox 356 941 455 981; x_wconf 88' lang='lat' dir='ltr'><strong>meum</strong></span> <span class='ocrx_word' id='word_1_30' title='bbox 471 922 612 1001; x_wconf 89' lang='lat' dir='ltr'><strong>placitum</strong></span> <span class='ocrx_word' id='word_1_31' title='bbox 635 931 665 981; x_wconf 91' lang='lat' dir='ltr'><strong>et</strong></span> <span class='ocrx_word' id='word_1_32' title='bbox 680 923 816 982; x_wconf 73' lang='lat' dir='ltr'><strong>uoluntas</strong></span> <span class='ocrx_word' id='word_1_33' title='bbox 838 934 883 982; x_wconf 89' lang='lat' dir='ltr'><strong>est</strong></span> <span class='ocrx_word' id='word_1_34' title='bbox 899 931 927 981; x_wconf 90' lang='lat' dir='ltr'><strong>te</strong></span> <span class='ocrx_word' id='word_1_35' title='bbox 943 921 1098 982; x_wconf 86' lang='lat' dir='ltr'><strong>nominare</strong></span> <span class='ocrx_word' id='word_1_36' title='bbox 1115 905 1145 980; x_wconf 85' lang='lat' dir='ltr'><strong>et</strong></span> <span class='ocrx_word' id='word_1_37' title='bbox 1161 921 1279 1000; x_wconf 79' lang='lat' dir='ltr'><strong>eligere,</strong></span> <span class='ocrx_word' id='word_1_38' title='bbox 1295 932 1383 1001; x_wconf 89' lang='lat' dir='ltr'><strong>prout</strong></span> 
     </span>
     <span class='ocr_line' id='line_1_6' title="bbox 356 1021 1439 1103; baseline 0 -21"><span class='ocrx_word' id='word_1_39' title='bbox 356 1023 411 1082; x_wconf 91' lang='lat' dir='ltr'><strong>boc</strong></span> <span class='ocrx_word' id='word_1_40' title='bbox 428 1024 575 1101; x_wconf 77' lang='lat' dir='ltr'><strong>praesenti</strong></span> <span class='ocrx_word' id='word_1_41' title='bbox 592 1035 620 1082; x_wconf 92' lang='lat' dir='ltr'><strong>te</strong></span> <span class='ocrx_word' id='word_1_42' title='bbox 632 1023 769 1103; x_wconf 77' lang='lat' dir='ltr'><strong>eligimus</strong></span> <span class='ocrx_word' id='word_1_43' title='bbox 784 1032 812 1082; x_wconf 93' lang='lat' dir='ltr'><strong>et</strong></span> <span class='ocrx_word' id='word_1_44' title='bbox 826 1023 1015 1083; x_wconf 91' lang='lat' dir='ltr'><strong>nominamus</strong></span> <span class='ocrx_word' id='word_1_45' title='bbox 1027 1022 1062 1082; x_wconf 91' lang='lat' dir='ltr'><strong>ad</strong></span> <span class='ocrx_word' id='word_1_46' title='bbox 1076 1021 1259 1100; x_wconf 88' lang='lat' dir='ltr'><strong>praedictum</strong></span> <span class='ocrx_word' id='word_1_47' title='bbox 1275 1041 1383 1082; x_wconf 90' lang='lat' dir='ltr'><strong>munus</strong></span> <span class='ocrx_word' id='word_1_48' title='bbox 1422 1026 1439 1073; x_wconf 74' lang='lat'>5</span> 
     </span>
     <span class='ocr_line' id='line_1_7' title="bbox 356 1105 1385 1200; baseline -0.001 -17"><span class='ocrx_word' id='word_1_49' title='bbox 356 1105 449 1183; x_wconf 91' lang='lat' dir='ltr'><strong>nostri</strong></span> <span class='ocrx_word' id='word_1_50' title='bbox 464 1125 603 1184; x_wconf 86' lang='lat' dir='ltr'><strong>solutoris</strong></span> <span class='ocrx_word' id='word_1_51' title='bbox 619 1143 669 1184; x_wconf 93' lang='lat' dir='ltr'><strong>sen</strong></span> <span class='ocrx_word' id='word_1_52' title='bbox 686 1124 851 1200; x_wconf 87' lang='lat' dir='ltr'><strong>quaestoris</strong></span> <span class='ocrx_word' id='word_1_53' title='bbox 866 1123 936 1184; x_wconf 90' lang='lat' dir='ltr'><strong>dieti</strong></span> <span class='ocrx_word' id='word_1_54' title='bbox 948 1123 1112 1195; x_wconf 82' lang='lat' dir='ltr'><strong>exereitus3</strong></span> <span class='ocrx_word' id='word_1_55' title='bbox 1128 1133 1157 1182; x_wconf 90' lang='lat' dir='ltr'><strong>et</strong></span> <span class='ocrx_word' id='word_1_56' title='bbox 1170 1132 1268 1182; x_wconf 87' lang='lat' dir='ltr'><strong>nostra</strong></span> <span class='ocrx_word' id='word_1_57' title='bbox 1281 1123 1385 1183; x_wconf 93' lang='lat' dir='ltr'><strong>volun-</strong></span> 
     </span>
     <span class='ocr_line' id='line_1_8' title="bbox 357 1223 1385 1301; baseline 0 -18"><span class='ocrx_word' id='word_1_58' title='bbox 357 1237 399 1284; x_wconf 90' lang='lat' dir='ltr'><strong>tas</strong></span> <span class='ocrx_word' id='word_1_59' title='bbox 415 1236 469 1294; x_wconf 86' lang='lat' dir='ltr'><strong>est,</strong></span> <span class='ocrx_word' id='word_1_60' title='bbox 486 1233 528 1297; x_wconf 88' lang='lat' dir='ltr'><strong>nt,</strong></span> <span class='ocrx_word' id='word_1_61' title='bbox 544 1224 676 1301; x_wconf 91' lang='lat' dir='ltr'><strong>qnandiu</strong></span> <span class='ocrx_word' id='word_1_62' title='bbox 693 1223 740 1284; x_wconf 90' lang='lat' dir='ltr'><strong>ille</strong></span> <span class='ocrx_word' id='word_1_63' title='bbox 755 1225 903 1284; x_wconf 80' lang='lat' dir='ltr'><strong>exereitus</strong></span> <span class='ocrx_word' id='word_1_64' title='bbox 918 1223 1038 1283; x_wconf 89' lang='lat' dir='ltr'><strong>durabit</strong></span> <span class='ocrx_word' id='word_1_65' title='bbox 1053 1233 1083 1283; x_wconf 90' lang='lat' dir='ltr'><strong>et</strong></span> <span class='ocrx_word' id='word_1_66' title='bbox 1095 1234 1213 1283; x_wconf 89' lang='lat' dir='ltr'><strong>nostrae</strong></span> <span class='ocrx_word' id='word_1_67' title='bbox 1226 1225 1385 1284; x_wconf 90' lang='lat' dir='ltr'><strong>voluntatis</strong></span> 
     </span>
     <span class='ocr_line' id='line_1_9' title="bbox 356 1323 1386 1404; baseline 0 -20"><span class='ocrx_word' id='word_1_68' title='bbox 356 1326 506 1400; x_wconf 88' lang='lat' dir='ltr'><strong>suerit,sis</strong></span> <span class='ocrx_word' id='word_1_69' title='bbox 518 1336 621 1385; x_wconf 85' lang='lat' dir='ltr'><strong>noster</strong></span> <span class='ocrx_word' id='word_1_70' title='bbox 631 1326 710 1384; x_wconf 89' lang='lat' dir='ltr'><strong>illins</strong></span> <span class='ocrx_word' id='word_1_71' title='bbox 723 1325 893 1404; x_wconf 86' lang='lat' dir='ltr'><strong>persolutor</strong></span> <span class='ocrx_word' id='word_1_72' title='bbox 903 1323 1086 1402; x_wconf 88' lang='lat' dir='ltr'><strong>praedictum</strong></span> <span class='ocrx_word' id='word_1_73' title='bbox 1095 1325 1386 1396; x_wconf 87' lang='lat' dir='ltr'><strong>munusexercendo‚</strong></span> 
     </span>
     <span class='ocr_line' id='line_1_10' title="bbox 355 1424 1386 1503; baseline 0 -19"><span class='ocrx_word' id='word_1_74' title='bbox 355 1425 608 1503; x_wconf 87' lang='lat' dir='ltr'><strong>quemadmodum</strong></span> <span class='ocrx_word' id='word_1_75' title='bbox 626 1425 689 1484; x_wconf 87' lang='lat' dir='ltr'><strong>lieri</strong></span> <span class='ocrx_word' id='word_1_76' title='bbox 703 1437 746 1485; x_wconf 92' lang='lat' dir='ltr'><strong>est</strong></span> <span class='ocrx_word' id='word_1_77' title='bbox 760 1425 860 1487; x_wconf 89' lang='lat' dir='ltr'><strong>moris.</strong></span> <span class='ocrx_word' id='word_1_78' title='bbox 873 1427 907 1483; x_wconf 89' lang='lat' dir='ltr'><strong>Et</strong></span> <span class='ocrx_word' id='word_1_79' title='bbox 920 1425 971 1484; x_wconf 92' lang='lat' dir='ltr'><strong>tibi</strong></span> <span class='ocrx_word' id='word_1_80' title='bbox 986 1424 1192 1502; x_wconf 66' lang='lat' dir='ltr'><strong>praeripimus,</strong></span> <span class='ocrx_word' id='word_1_81' title='bbox 1205 1435 1237 1484; x_wconf 90' lang='lat' dir='ltr'><strong>ut</strong></span> <span class='ocrx_word' id='word_1_82' title='bbox 1249 1443 1283 1483; x_wconf 87' lang='lat' dir='ltr'><strong>ex</strong></span> <span class='ocrx_word' id='word_1_83' title='bbox 1297 1444 1386 1503; x_wconf 86' lang='lat' dir='ltr'><strong>pecu·</strong></span> 
     </span>
     <span class='ocr_line' id='line_1_11' title="bbox 356 1525 1442 1607; baseline -0.004 -21"><span class='ocrx_word' id='word_1_84' title='bbox 356 1529 414 1599; x_wconf 89' lang='lat' dir='ltr'><strong>nia,</strong></span> <span class='ocrx_word' id='word_1_85' title='bbox 430 1545 519 1604; x_wconf 91' lang='lat' dir='ltr'><strong>quarn</strong></span> <span class='ocrx_word' id='word_1_86' title='bbox 536 1529 684 1607; x_wconf 86' lang='lat' dir='ltr'><strong>acceperis</strong></span> <span class='ocrx_word' id='word_1_87' title='bbox 700 1539 729 1587; x_wconf 91' lang='lat' dir='ltr'><strong>et</strong></span> <span class='ocrx_word' id='word_1_88' title='bbox 753 1525 806 1585; x_wconf 88' lang='lat' dir='ltr'><strong>tibi</strong></span> <span class='ocrx_word' id='word_1_89' title='bbox 829 1546 864 1587; x_wconf 90' lang='lat' dir='ltr'><strong>ex</strong></span> <span class='ocrx_word' id='word_1_90' title='bbox 888 1527 967 1586; x_wconf 85' lang='lat' dir='ltr'><strong>iussn</strong></span> <span class='ocrx_word' id='word_1_91' title='bbox 985 1536 1087 1584; x_wconf 90' lang='lat' dir='ltr'><strong>nostro</strong></span> <span class='ocrx_word' id='word_1_92' title='bbox 1109 1525 1200 1584; x_wconf 88' lang='lat' dir='ltr'><strong>luerit</strong></span> <span class='ocrx_word' id='word_1_93' title='bbox 1220 1526 1386 1598; x_wconf 86' lang='lat' dir='ltr'><strong>commissa,</strong></span> <span class='ocrx_word' id='word_1_94' title='bbox 1411 1529 1442 1576; x_wconf 74' lang='lat'><strong>10</strong></span> 
     </span>
     <span class='ocr_line' id='line_1_12' title="bbox 356 1624 1387 1708; baseline 0 -22"><span class='ocrx_word' id='word_1_95' title='bbox 356 1627 465 1687; x_wconf 84' lang='lat' dir='ltr'><strong>abhinc</strong></span> <span class='ocrx_word' id='word_1_96' title='bbox 480 1628 509 1687; x_wconf 88' lang='lat' dir='ltr'><strong>in</strong></span> <span class='ocrx_word' id='word_1_97' title='bbox 527 1639 680 1705; x_wconf 90' lang='lat' dir='ltr'><strong>posterum</strong></span> <span class='ocrx_word' id='word_1_98' title='bbox 699 1629 861 1708; x_wconf 75' lang='lat' dir='ltr'><strong>persolvas,</strong></span> <span class='ocrx_word' id='word_1_99' title='bbox 879 1627 1018 1704; x_wconf 88' lang='lat' dir='ltr'><strong>quiequid</strong></span> <span class='ocrx_word' id='word_1_100' title='bbox 1043 1624 1211 1704; x_wconf 86' lang='lat' dir='ltr'><strong>praedictus</strong></span> <span class='ocrx_word' id='word_1_101' title='bbox 1224 1628 1283 1686; x_wconf 86' lang='lat' dir='ltr'><strong>dux</strong></span> <span class='ocrx_word' id='word_1_102' title='bbox 1298 1627 1387 1686; x_wconf 84' lang='lat' dir='ltr'><strong>Alba·</strong></span> 
     </span>
     <span class='ocr_line' id='line_1_13' title="bbox 359 1728 1388 1808; baseline 0 -20"><span class='ocrx_word' id='word_1_103' title='bbox 359 1748 415 1789; x_wconf 95' lang='lat' dir='ltr'><strong>nus</strong></span> <span class='ocrx_word' id='word_1_104' title='bbox 441 1728 502 1788; x_wconf 81' lang='lat' dir='ltr'><strong>dux</strong></span> <span class='ocrx_word' id='word_1_105' title='bbox 530 1739 631 1789; x_wconf 90' lang='lat' dir='ltr'><strong>noster</strong></span> <span class='ocrx_word' id='word_1_106' title='bbox 658 1729 818 1808; x_wconf 88' lang='lat' dir='ltr'><strong>primarius</strong></span> <span class='ocrx_word' id='word_1_107' title='bbox 843 1729 970 1807; x_wconf 83' lang='lat' dir='ltr'><strong>persoiri</strong></span> <span class='ocrx_word' id='word_1_108' title='bbox 990 1728 1180 1805; x_wconf 83' lang='lat' dir='ltr'><strong>imperaverit</strong></span> <span class='ocrx_word' id='word_1_109' title='bbox 1202 1741 1263 1788; x_wconf 86' lang='lat' dir='ltr'><strong>turn</strong></span> <span class='ocrx_word' id='word_1_110' title='bbox 1285 1729 1315 1788; x_wconf 91' lang='lat' dir='ltr'><strong>in</strong></span> <span class='ocrx_word' id='word_1_111' title='bbox 1335 1730 1388 1788; x_wconf 90' lang='lat' dir='ltr'><strong>sti-</strong></span> 
     </span>
     <span class='ocr_line' id='line_1_14' title="bbox 359 1828 1388 1908; baseline -0.003 -17"><span class='ocrx_word' id='word_1_112' title='bbox 359 1830 500 1907; x_wconf 85' lang='lat' dir='ltr'><strong>pendium</strong></span> <span class='ocrx_word' id='word_1_113' title='bbox 522 1840 580 1890; x_wconf 90' lang='lat' dir='ltr'><strong>tam</strong></span> <span class='ocrx_word' id='word_1_114' title='bbox 603 1830 737 1908; x_wconf 89' lang='lat' dir='ltr'><strong>pediturn</strong></span> <span class='ocrx_word' id='word_1_115' title='bbox 758 1847 847 1905; x_wconf 88' lang='lat' dir='ltr'><strong>qoam</strong></span> <span class='ocrx_word' id='word_1_116' title='bbox 875 1828 1010 1905; x_wconf 88' lang='lat' dir='ltr'><strong>equitum</strong></span> <span class='ocrx_word' id='word_1_117' title='bbox 1032 1835 1094 1887; x_wconf 92' lang='lat' dir='ltr'><strong>tum</strong></span> <span class='ocrx_word' id='word_1_118' title='bbox 1120 1828 1208 1887; x_wconf 86' lang='lat' dir='ltr'><strong>etiarn</strong></span> <span class='ocrx_word' id='word_1_119' title='bbox 1231 1830 1259 1887; x_wconf 91' lang='lat' dir='ltr'><strong>in</strong></span> <span class='ocrx_word' id='word_1_120' title='bbox 1285 1846 1388 1888; x_wconf 83' lang='lat' dir='ltr'><strong>omnes</strong></span> 
     </span>
     <span class='ocr_line' id='line_1_15' title="bbox 357 1928 1388 2008; baseline -0.003 -17"><span class='ocrx_word' id='word_1_121' title='bbox 357 1933 429 1992; x_wconf 90' lang='lat' dir='ltr'><strong>alios</strong></span> <span class='ocrx_word' id='word_1_122' title='bbox 444 1949 651 2008; x_wconf 90' lang='lat' dir='ltr'><strong>quoscumque</strong></span> <span class='ocrx_word' id='word_1_123' title='bbox 667 1941 805 2008; x_wconf 84' lang='lat' dir='ltr'><strong>sumptus</strong></span> <span class='ocrx_word' id='word_1_124' title='bbox 819 1928 985 1989; x_wconf 88' lang='lat' dir='ltr'><strong>ordinarios</strong></span> <span class='ocrx_word' id='word_1_125' title='bbox 1000 1938 1052 1988; x_wconf 88' lang='lat' dir='ltr'><strong>ant</strong></span> <span class='ocrx_word' id='word_1_126' title='bbox 1066 1928 1326 2002; x_wconf 82' lang='lat' dir='ltr'><strong>extraordinarios,</strong></span> <span class='ocrx_word' id='word_1_127' title='bbox 1337 1931 1388 2007; x_wconf 90' lang='lat' dir='ltr'><strong>qui</strong></span> 
     </span>
     <span class='ocr_line' id='line_1_16' title="bbox 358 2027 1443 2112; baseline -0.006 -21"><span class='ocrx_word' id='word_1_128' title='bbox 358 2033 387 2092; x_wconf 90' lang='lat' dir='ltr'><strong>in</strong></span> <span class='ocrx_word' id='word_1_129' title='bbox 405 2032 573 2112; x_wconf 89' lang='lat' dir='ltr'><strong>predictum</strong></span> <span class='ocrx_word' id='word_1_130' title='bbox 591 2031 753 2091; x_wconf 84' lang='lat' dir='ltr'><strong>exercitum</strong></span> <span class='ocrx_word' id='word_1_131' title='bbox 770 2027 949 2108; x_wconf 88' lang='lat' dir='ltr'><strong>suscipiendi</strong></span> <span class='ocrx_word' id='word_1_132' title='bbox 965 2038 1064 2100; x_wconf 82' lang='lat' dir='ltr'><strong>erunt,</strong></span> <span class='ocrx_word' id='word_1_133' title='bbox 1081 2046 1134 2105; x_wconf 85' lang='lat' dir='ltr'><strong>per</strong></span> <span class='ocrx_word' id='word_1_134' title='bbox 1148 2029 1344 2108; x_wconf 84' lang='lat' dir='ltr'><strong>chirographa</strong></span> <span class='ocrx_word' id='word_1_135' title='bbox 1360 2042 1389 2090; x_wconf 90' lang='lat' dir='ltr'><strong>et</strong></span> <span class='ocrx_word' id='word_1_136' title='bbox 1413 2038 1443 2085; x_wconf 75' lang='lat'><strong>15</strong></span> 
     </span>
     <span class='ocr_line' id='line_1_17' title="bbox 354 2129 1388 2209; baseline -0.002 -16"><span class='ocrx_word' id='word_1_137' title='bbox 354 2133 500 2209; x_wconf 91' lang='lat' dir='ltr'><strong>jussorias</strong></span> <span class='ocrx_word' id='word_1_138' title='bbox 512 2130 667 2192; x_wconf 80' lang='lat' dir='ltr'><strong>solutionis</strong></span> <span class='ocrx_word' id='word_1_139' title='bbox 682 2132 782 2190; x_wconf 82' lang='lat' dir='ltr'><strong>literas</strong></span> <span class='ocrx_word' id='word_1_140' title='bbox 797 2149 886 2190; x_wconf 90' lang='lat' dir='ltr'><strong>manu</strong></span> <span class='ocrx_word' id='word_1_141' title='bbox 900 2130 978 2189; x_wconf 89' lang='lat' dir='ltr'><strong>illius</strong></span> <span class='ocrx_word' id='word_1_142' title='bbox 993 2129 1160 2206; x_wconf 88' lang='lat' dir='ltr'><strong>obsignatas</strong></span> <span class='ocrx_word' id='word_1_143' title='bbox 1173 2131 1388 2191; x_wconf 88' lang='lat' dir='ltr'><strong>interveniente</strong></span> 
     </span>
     <span class='ocr_line' id='line_1_18' title="bbox 358 2230 1389 2311; baseline -0.001 -18"><span class='ocrx_word' id='word_1_144' title='bbox 358 2234 447 2294; x_wconf 88' lang='lat' dir='ltr'><strong>etiam</strong></span> <span class='ocrx_word' id='word_1_145' title='bbox 470 2242 572 2293; x_wconf 89' lang='lat' dir='ltr'><strong>nostro</strong></span> <span class='ocrx_word' id='word_1_146' title='bbox 599 2233 748 2311; x_wconf 90' lang='lat' dir='ltr'><strong>praedicto</strong></span> <span class='ocrx_word' id='word_1_147' title='bbox 771 2233 941 2310; x_wconf 86' lang='lat' dir='ltr'><strong>inspectore</strong></span> <span class='ocrx_word' id='word_1_148' title='bbox 960 2230 1112 2307; x_wconf 90' lang='lat' dir='ltr'><strong>primario,</strong></span> <span class='ocrx_word' id='word_1_149' title='bbox 1135 2250 1211 2308; x_wconf 89' lang='lat' dir='ltr'><strong>quae</strong></span> <span class='ocrx_word' id='word_1_150' title='bbox 1229 2243 1257 2292; x_wconf 92' lang='lat' dir='ltr'><strong>et</strong></span> <span class='ocrx_word' id='word_1_151' title='bbox 1279 2233 1389 2292; x_wconf 90' lang='lat' dir='ltr'><strong>relatae</strong></span> 
     </span>
     <span class='ocr_line' id='line_1_19' title="bbox 359 2331 1388 2412; baseline -0.001 -18"><span class='ocrx_word' id='word_1_152' title='bbox 359 2337 419 2397; x_wconf 91' lang='lat' dir='ltr'><strong>sint</strong></span> <span class='ocrx_word' id='word_1_153' title='bbox 441 2335 470 2393; x_wconf 88' lang='lat' dir='ltr'><strong>in</strong></span> <span class='ocrx_word' id='word_1_154' title='bbox 495 2333 604 2393; x_wconf 92' lang='lat' dir='ltr'><strong>nostris</strong></span> <span class='ocrx_word' id='word_1_155' title='bbox 626 2333 709 2392; x_wconf 91' lang='lat' dir='ltr'><strong>libris</strong></span> <span class='ocrx_word' id='word_1_156' title='bbox 731 2331 923 2392; x_wconf 81' lang='lat' dir='ltr'><strong>rationalibus</strong></span> <span class='ocrx_word' id='word_1_157' title='bbox 944 2350 996 2408; x_wconf 89' lang='lat' dir='ltr'><strong>per</strong></span> <span class='ocrx_word' id='word_1_158' title='bbox 1018 2333 1181 2410; x_wconf 87' lang='lat' dir='ltr'><strong>praedictos</strong></span> <span class='ocrx_word' id='word_1_159' title='bbox 1202 2333 1388 2412; x_wconf 84' lang='lat' dir='ltr'><strong>Alpbonsunr</strong></span> 
     </span>
     <span class='ocr_line' id='line_1_20' title="bbox 360 2433 1388 2512; baseline 0 -16"><span class='ocrx_word' id='word_1_160' title='bbox 360 2436 497 2496; x_wconf 84' lang='lat' dir='ltr'><strong>Cantium</strong></span> <span class='ocrx_word' id='word_1_161' title='bbox 523 2444 552 2494; x_wconf 89' lang='lat' dir='ltr'><strong>et</strong></span> <span class='ocrx_word' id='word_1_162' title='bbox 567 2434 815 2512; x_wconf 76' lang='lat' dir='ltr'><strong>christophorum</strong></span> <span class='ocrx_word' id='word_1_163' title='bbox 837 2433 874 2493; x_wconf 90' lang='lat' dir='ltr'><strong>de</strong></span> <span class='ocrx_word' id='word_1_164' title='bbox 896 2434 1064 2494; x_wconf 84' lang='lat' dir='ltr'><strong>Castellanis</strong></span> <span class='ocrx_word' id='word_1_165' title='bbox 1084 2446 1201 2494; x_wconf 87' lang='lat' dir='ltr'><strong>nostros</strong></span> <span class='ocrx_word' id='word_1_166' title='bbox 1217 2446 1388 2511; x_wconf 80' lang='lat' dir='ltr'><strong>quaestores</strong></span> 
     </span>
     <span class='ocr_line' id='line_1_21' title="bbox 360 2536 1444 2618; baseline 0.002 -21"><span class='ocrx_word' id='word_1_167' title='bbox 360 2541 390 2597; x_wconf 92' lang='lat' dir='ltr'><strong>in</strong></span> <span class='ocrx_word' id='word_1_168' title='bbox 409 2537 558 2618; x_wconf 88' lang='lat' dir='ltr'><strong>praedicto</strong></span> <span class='ocrx_word' id='word_1_169' title='bbox 573 2537 703 2596; x_wconf 88' lang='lat' dir='ltr'><strong>exercitu</strong></span> <span class='ocrx_word' id='word_1_170' title='bbox 720 2536 988 2615; x_wconf 87' lang='lat' dir='ltr'><strong>praecipimusque,</strong></span> <span class='ocrx_word' id='word_1_171' title='bbox 1006 2547 1048 2607; x_wconf 87' lang='lat' dir='ltr'><strong>ut,</strong></span> <span class='ocrx_word' id='word_1_172' title='bbox 1063 2537 1209 2614; x_wconf 92' lang='lat' dir='ltr'><strong>quidquid</strong></span> <span class='ocrx_word' id='word_1_173' title='bbox 1224 2557 1258 2598; x_wconf 89' lang='lat' dir='ltr'><strong>ex</strong></span> <span class='ocrx_word' id='word_1_174' title='bbox 1273 2539 1389 2599; x_wconf 92' lang='lat' dir='ltr'><strong>ordina·</strong></span> <span class='ocrx_word' id='word_1_175' title='bbox 1413 2552 1444 2599; x_wconf 75' lang='lat' dir='ltr'><strong>eo</strong></span> 
     </span>
     <span class='ocr_line' id='line_1_22' title="bbox 361 2636 1390 2718; baseline 0 -19"><span class='ocrx_word' id='word_1_176' title='bbox 361 2641 440 2700; x_wconf 89' lang='lat' dir='ltr'><strong>tione</strong></span> <span class='ocrx_word' id='word_1_177' title='bbox 456 2638 598 2718; x_wconf 85' lang='lat' dir='ltr'><strong>praedicti</strong></span> <span class='ocrx_word' id='word_1_178' title='bbox 613 2636 695 2697; x_wconf 86' lang='lat' dir='ltr'><strong>ducis</strong></span> <span class='ocrx_word' id='word_1_179' title='bbox 710 2638 827 2714; x_wconf 84' lang='lat' dir='ltr'><strong>Albani,</strong></span> <span class='ocrx_word' id='word_1_180' title='bbox 850 2638 887 2696; x_wconf 89' lang='lat' dir='ltr'><strong>ita</strong></span> <span class='ocrx_word' id='word_1_181' title='bbox 909 2647 941 2698; x_wconf 93' lang='lat' dir='ltr'><strong>ut</strong></span> <span class='ocrx_word' id='word_1_182' title='bbox 956 2638 1066 2697; x_wconf 89' lang='lat' dir='ltr'><strong>dictum</strong></span> <span class='ocrx_word' id='word_1_183' title='bbox 1082 2650 1136 2712; x_wconf 88' lang='lat' dir='ltr'><strong>est,</strong></span> <span class='ocrx_word' id='word_1_184' title='bbox 1151 2657 1313 2716; x_wconf 87' lang='lat' dir='ltr'><strong>expensum</strong></span> <span class='ocrx_word' id='word_1_185' title='bbox 1329 2659 1345 2699; x_wconf 89' lang='lat' dir='ltr'><strong>a</strong></span> <span class='ocrx_word' id='word_1_186' title='bbox 1362 2653 1390 2699; x_wconf 89' lang='lat' dir='ltr'><strong>te</strong></span> 
     </span>
     <span class='ocr_line' id='line_1_23' title="bbox 362 2738 1391 2822; baseline 0 -22"><span class='ocrx_word' id='word_1_187' title='bbox 362 2740 462 2815; x_wconf 84' lang='lat' dir='ltr'><strong>luerit,</strong></span> <span class='ocrx_word' id='word_1_188' title='bbox 477 2741 587 2822; x_wconf 81' lang='lat' dir='ltr'><strong>virtute</strong></span> <span class='ocrx_word' id='word_1_189' title='bbox 599 2758 723 2799; x_wconf 88' lang='lat' dir='ltr'><strong>suorum</strong></span> <span class='ocrx_word' id='word_1_190' title='bbox 740 2738 1005 2817; x_wconf 71' lang='lat' dir='ltr'><strong>chirographorum</strong></span> <span class='ocrx_word' id='word_1_191' title='bbox 1022 2750 1052 2797; x_wconf 89' lang='lat' dir='ltr'><strong>et</strong></span> <span class='ocrx_word' id='word_1_192' title='bbox 1066 2739 1219 2799; x_wconf 90' lang='lat' dir='ltr'><strong>literarum</strong></span> <span class='ocrx_word' id='word_1_193' title='bbox 1235 2741 1391 2800; x_wconf 88' lang='lat' dir='ltr'><strong>solutionis</strong></span> 
     </span>
     <span class='ocr_line' id='line_1_24' title="bbox 359 2839 1392 2920; baseline 0 -20"><span class='ocrx_word' id='word_1_194' title='bbox 359 2841 555 2919; x_wconf 88' lang='lat' dir='ltr'><strong>jussoriarum</strong></span> <span class='ocrx_word' id='word_1_195' title='bbox 575 2840 686 2916; x_wconf 88' lang='lat' dir='ltr'><strong>absque</strong></span> <span class='ocrx_word' id='word_1_196' title='bbox 703 2840 759 2899; x_wconf 90' lang='lat' dir='ltr'><strong>alia</strong></span> <span class='ocrx_word' id='word_1_197' title='bbox 783 2857 961 2917; x_wconf 87' lang='lat' dir='ltr'><strong>quacunque</strong></span> <span class='ocrx_word' id='word_1_198' title='bbox 980 2839 1094 2898; x_wconf 89' lang='lat' dir='ltr'><strong>ratione</strong></span> <span class='ocrx_word' id='word_1_199' title='bbox 1119 2841 1280 2919; x_wconf 89' lang='lat' dir='ltr'><strong>recipiatur</strong></span> <span class='ocrx_word' id='word_1_200' title='bbox 1302 2853 1392 2920; x_wconf 90' lang='lat' dir='ltr'><strong>atque</strong></span> 
     </span>
     <span class='ocr_line' id='line_1_25' title="bbox 364 2941 1392 3021; baseline 0.001 -19"><span class='ocrx_word' id='word_1_201' title='bbox 364 2943 514 3001; x_wconf 84' lang='lat' dir='ltr'><strong>reserator</strong></span> <span class='ocrx_word' id='word_1_202' title='bbox 541 2941 730 3001; x_wconf 81' lang='lat' dir='ltr'><strong>adnationes</strong></span> <span class='ocrx_word' id='word_1_203' title='bbox 754 2941 896 3020; x_wconf 87' lang='lat' dir='ltr'><strong>pecuniae</strong></span> <span class='ocrx_word' id='word_1_204' title='bbox 918 2941 960 3000; x_wconf 89' lang='lat' dir='ltr'><strong>tni</strong></span> <span class='ocrx_word' id='word_1_205' title='bbox 983 2943 1125 3012; x_wconf 85' lang='lat' dir='ltr'><strong>muneris,</strong></span> <span class='ocrx_word' id='word_1_206' title='bbox 1151 2942 1392 3021; x_wconf 90' lang='lat' dir='ltr'><strong>injungimusque</strong></span> 
     </span>
    </p>
   </div>
   <div class='ocr_carea' id='block_1_3' title="bbox 367 3040 1550 3122">
    <p class='ocr_par' dir='ltr' id='par_1_3' title="bbox 367 3040 1550 3122">
     <span class='ocr_line' id='line_1_26' title="bbox 367 3040 1550 3122; baseline 0 -19"><span class='ocrx_word' id='word_1_207' title='bbox 367 3044 516 3122; x_wconf 83' lang='lat' dir='ltr'><strong>praedicto</strong></span> <span class='ocrx_word' id='word_1_208' title='bbox 538 3041 606 3101; x_wconf 88' lang='lat' dir='ltr'><strong>duci</strong></span> <span class='ocrx_word' id='word_1_209' title='bbox 621 3040 734 3102; x_wconf 79' lang='lat' dir='ltr'><strong>Albano</strong></span> <span class='ocrx_word' id='word_1_210' title='bbox 751 3053 841 3118; x_wconf 89' lang='lat' dir='ltr'><strong>atque</strong></span> <span class='ocrx_word' id='word_1_211' title='bbox 863 3042 1046 3119; x_wconf 87' lang='lat' dir='ltr'><strong>imperamus</strong></span> <span class='ocrx_word' id='word_1_212' title='bbox 1067 3041 1296 3121; x_wconf 91' lang='lat' dir='ltr'><strong>quibuscunque</strong></span> <span class='ocrx_word' id='word_1_213' title='bbox 1311 3045 1390 3104; x_wconf 91' lang='lat' dir='ltr'><strong>colo·</strong></span> <span class='ocrx_word' id='word_1_214' title='bbox 1418 3059 1450 3106; x_wconf 72' lang='lat' dir='ltr'><strong>ab</strong></span> <span class='ocrx_word' id='word_1_215' title='bbox 1549 3073 1550 3078; x_wconf 41' lang='lat'>1</span> 
     </span>
    </p>
   </div>
   <div class='ocr_carea' id='block_1_4' title="bbox 365 3141 1393 3322">
    <p class='ocr_par' dir='ltr' id='par_1_4' title="bbox 365 3141 1393 3322">
     <span class='ocr_line' id='line_1_27' title="bbox 365 3141 1392 3222; baseline 0 -18"><span class='ocrx_word' id='word_1_216' title='bbox 365 3145 452 3204; x_wconf 90' lang='lat' dir='ltr'><strong>nellis</strong></span> <span class='ocrx_word' id='word_1_217' title='bbox 474 3154 637 3203; x_wconf 86' lang='lat' dir='ltr'><strong>castrorum</strong></span> <span class='ocrx_word' id='word_1_218' title='bbox 672 3143 818 3220; x_wconf 82' lang='lat' dir='ltr'><strong>magistris</strong></span> <span class='ocrx_word' id='word_1_219' title='bbox 851 3141 978 3200; x_wconf 90' lang='lat' dir='ltr'><strong>ducibus</strong></span> <span class='ocrx_word' id='word_1_220' title='bbox 1015 3151 1044 3201; x_wconf 87' lang='lat' dir='ltr'><strong>ct</strong></span> <span class='ocrx_word' id='word_1_221' title='bbox 1071 3143 1136 3202; x_wconf 91' lang='lat' dir='ltr'><strong>aliis</strong></span> <span class='ocrx_word' id='word_1_222' title='bbox 1161 3144 1392 3222; x_wconf 91' lang='lat' dir='ltr'><strong>quibuscunque</strong></span> 
     </span>
     <span class='ocr_line' id='line_1_28' title="bbox 365 3243 1393 3322; baseline 0 -18"><span class='ocrx_word' id='word_1_223' title='bbox 365 3244 539 3305; x_wconf 86' lang='lat' dir='ltr'><strong>officialibus</strong></span> <span class='ocrx_word' id='word_1_224' title='bbox 561 3244 703 3321; x_wconf 88' lang='lat' dir='ltr'><strong>praedicti</strong></span> <span class='ocrx_word' id='word_1_225' title='bbox 727 3243 819 3303; x_wconf 89' lang='lat' dir='ltr'><strong>nostri</strong></span> <span class='ocrx_word' id='word_1_226' title='bbox 842 3245 999 3312; x_wconf 77' lang='lat' dir='ltr'><strong>exereitus,</strong></span> <span class='ocrx_word' id='word_1_227' title='bbox 1023 3253 1055 3302; x_wconf 90' lang='lat' dir='ltr'><strong>ut</strong></span> <span class='ocrx_word' id='word_1_228' title='bbox 1078 3255 1107 3304; x_wconf 90' lang='lat' dir='ltr'><strong>te</strong></span> <span class='ocrx_word' id='word_1_229' title='bbox 1128 3244 1285 3305; x_wconf 87' lang='lat' dir='ltr'><strong>admittant</strong></span> <span class='ocrx_word' id='word_1_230' title='bbox 1304 3259 1393 3322; x_wconf 90' lang='lat' dir='ltr'><strong>atque</strong></span> 
     </span>
    </p>
   </div>
   <div class='ocr_carea' id='block_1_5' title="bbox 366 3344 1451 4031">
    <p class='ocr_par' dir='ltr' id='par_1_5' title="bbox 366 3344 1451 3931">
     <span class='ocr_line' id='line_1_29' title="bbox 367 3344 1395 3425; baseline -0.001 -19"><span class='ocrx_word' id='word_1_231' title='bbox 367 3346 495 3407; x_wconf 87' lang='lat' dir='ltr'><strong>babeant</strong></span> <span class='ocrx_word' id='word_1_232' title='bbox 510 3363 564 3425; x_wconf 92' lang='lat' dir='ltr'><strong>pro</strong></span> <span class='ocrx_word' id='word_1_233' title='bbox 580 3356 681 3405; x_wconf 89' lang='lat' dir='ltr'><strong>nostro</strong></span> <span class='ocrx_word' id='word_1_234' title='bbox 698 3345 774 3403; x_wconf 90' lang='lat' dir='ltr'><strong>illius</strong></span> <span class='ocrx_word' id='word_1_235' title='bbox 794 3345 981 3422; x_wconf 88' lang='lat' dir='ltr'><strong>persolutore</strong></span> <span class='ocrx_word' id='word_1_236' title='bbox 997 3344 1110 3422; x_wconf 93' lang='lat' dir='ltr'><strong>tibique</strong></span> <span class='ocrx_word' id='word_1_237' title='bbox 1131 3345 1291 3407; x_wconf 87' lang='lat' dir='ltr'><strong>exhibeant</strong></span> <span class='ocrx_word' id='word_1_238' title='bbox 1305 3357 1395 3425; x_wconf 87' lang='lat' dir='ltr'><strong>atquo</strong></span> 
     </span>
     <span class='ocr_line' id='line_1_30' title="bbox 366 3435 1429 3527; baseline 0.002 -19"><span class='ocrx_word' id='word_1_239' title='bbox 366 3435 486 3508; x_wconf 75' lang='lat' dir='ltr'><strong>seruent</strong></span> <span class='ocrx_word' id='word_1_240' title='bbox 518 3465 638 3507; x_wconf 86' lang='lat' dir='ltr'><strong>omnem</strong></span> <span class='ocrx_word' id='word_1_241' title='bbox 665 3446 810 3506; x_wconf 88' lang='lat' dir='ltr'><strong>bonorem</strong></span> <span class='ocrx_word' id='word_1_242' title='bbox 831 3447 1065 3525; x_wconf 88' lang='lat' dir='ltr'><strong>praerogativam</strong></span> <span class='ocrx_word' id='word_1_243' title='bbox 1082 3450 1343 3527; x_wconf 86' lang='lat' dir='ltr'><strong>praeeminentiam</strong></span> <span class='ocrx_word' id='word_1_244' title='bbox 1365 3459 1395 3510; x_wconf 87' lang='lat' dir='ltr'><strong>et</strong></span> <span class='ocrx_word' id='word_1_245' title='bbox 1427 3468 1429 3472; x_wconf 86' lang='lat'>·</span> 
     </span>
     <span class='ocr_line' id='line_1_31' title="bbox 367 3549 1451 3628; baseline 0.004 -19"><span class='ocrx_word' id='word_1_246' title='bbox 367 3551 595 3623; x_wconf 86' lang='lat' dir='ltr'><strong>immunitatem,</strong></span> <span class='ocrx_word' id='word_1_247' title='bbox 617 3567 706 3626; x_wconf 89' lang='lat' dir='ltr'><strong>quam</strong></span> <span class='ocrx_word' id='word_1_248' title='bbox 722 3549 874 3607; x_wconf 89' lang='lat' dir='ltr'><strong>observari</strong></span> <span class='ocrx_word' id='word_1_249' title='bbox 890 3557 933 3608; x_wconf 85' lang='lat' dir='ltr'><strong>est</strong></span> <span class='ocrx_word' id='word_1_250' title='bbox 949 3550 1042 3608; x_wconf 88' lang='lat' dir='ltr'><strong>moris</strong></span> <span class='ocrx_word' id='word_1_251' title='bbox 1064 3569 1132 3628; x_wconf 88' lang='lat' dir='ltr'><strong>erga</strong></span> <span class='ocrx_word' id='word_1_252' title='bbox 1150 3561 1266 3611; x_wconf 91' lang='lat' dir='ltr'><strong>nostros</strong></span> <span class='ocrx_word' id='word_1_253' title='bbox 1280 3553 1404 3612; x_wconf 54' lang='lat' dir='ltr'><strong>eneruis</strong></span> <span class='ocrx_word' id='word_1_254' title='bbox 1418 3569 1451 3617; x_wconf 76' lang='lat' dir='ltr'><strong>:ro</strong></span> 
     </span>
     <span class='ocr_line' id='line_1_32' title="bbox 368 3649 1423 3729; baseline 0.001 -19"><span class='ocrx_word' id='word_1_255' title='bbox 368 3662 415 3712; x_wconf 89' lang='lat' dir='ltr'><strong>tus</strong></span> <span class='ocrx_word' id='word_1_256' title='bbox 430 3660 600 3728; x_wconf 89' lang='lat' dir='ltr'><strong>quaestores</strong></span> <span class='ocrx_word' id='word_1_257' title='bbox 615 3661 666 3709; x_wconf 89' lang='lat' dir='ltr'><strong>aut</strong></span> <span class='ocrx_word' id='word_1_258' title='bbox 680 3651 835 3722; x_wconf 88' lang='lat' dir='ltr'><strong>solutores,</strong></span> <span class='ocrx_word' id='word_1_259' title='bbox 852 3649 926 3710; x_wconf 85' lang='lat' dir='ltr'><strong>bene</strong></span> <span class='ocrx_word' id='word_1_260' title='bbox 942 3660 1020 3710; x_wconf 88' lang='lat' dir='ltr'><strong>etex</strong></span> <span class='ocrx_word' id='word_1_261' title='bbox 1036 3652 1162 3728; x_wconf 87' lang='lat' dir='ltr'><strong>integro,</strong></span> <span class='ocrx_word' id='word_1_262' title='bbox 1178 3669 1275 3729; x_wconf 88' lang='lat' dir='ltr'><strong>neque</strong></span> <span class='ocrx_word' id='word_1_263' title='bbox 1290 3652 1394 3713; x_wconf 89' lang='lat' dir='ltr'><strong>adver·</strong></span> <span class='ocrx_word' id='word_1_264' title='bbox 1418 3657 1423 3670; x_wconf 93' lang='lat'>&#39;</span> 
     </span>
     <span class='ocr_line' id='line_1_33' title="bbox 367 3738 1395 3831; baseline -0.001 -18"><span class='ocrx_word' id='word_1_265' title='bbox 367 3772 417 3813; x_wconf 89' lang='lat' dir='ltr'><strong>sus</strong></span> <span class='ocrx_word' id='word_1_266' title='bbox 432 3770 464 3812; x_wconf 91' lang='lat' dir='ltr'><strong>ea</strong></span> <span class='ocrx_word' id='word_1_267' title='bbox 476 3738 657 3811; x_wconf 91' lang='lat' dir='ltr'><strong>contendant</strong></span> <span class='ocrx_word' id='word_1_268' title='bbox 673 3770 769 3828; x_wconf 91' lang='lat' dir='ltr'><strong>neque</strong></span> <span class='ocrx_word' id='word_1_269' title='bbox 782 3751 1039 3829; x_wconf 81' lang='lat' dir='ltr'><strong>transgrediantur</strong></span> <span class='ocrx_word' id='word_1_270' title='bbox 1053 3752 1109 3830; x_wconf 86' lang='lat' dir='ltr'><strong>ipsi</strong></span> <span class='ocrx_word' id='word_1_271' title='bbox 1129 3771 1226 3831; x_wconf 87' lang='lat' dir='ltr'><strong>neque</strong></span> <span class='ocrx_word' id='word_1_272' title='bbox 1243 3773 1259 3812; x_wconf 93' lang='lat' dir='ltr'><strong>a</strong></span> <span class='ocrx_word' id='word_1_273' title='bbox 1276 3772 1395 3830; x_wconf 87' lang='lat' dir='ltr'><strong>quoque</strong></span> 
     </span>
     <span class='ocr_line' id='line_1_34' title="bbox 367 3850 1395 3931; baseline 0 -17"><span class='ocrx_word' id='word_1_274' title='bbox 367 3852 506 3914; x_wconf 90' lang='lat' dir='ltr'><strong>contendi</strong></span> <span class='ocrx_word' id='word_1_275' title='bbox 527 3861 579 3910; x_wconf 90' lang='lat' dir='ltr'><strong>aot</strong></span> <span class='ocrx_word' id='word_1_276' title='bbox 600 3851 765 3931; x_wconf 88' lang='lat' dir='ltr'><strong>transgredi</strong></span> <span class='ocrx_word' id='word_1_277' title='bbox 782 3850 933 3928; x_wconf 85' lang='lat' dir='ltr'><strong>patiantur</strong></span> <span class='ocrx_word' id='word_1_278' title='bbox 953 3852 1010 3910; x_wconf 92' lang='lat' dir='ltr'><strong>ullo</strong></span> <span class='ocrx_word' id='word_1_279' title='bbox 1031 3853 1128 3912; x_wconf 89' lang='lat' dir='ltr'><strong>modo.</strong></span> <span class='ocrx_word' id='word_1_280' title='bbox 1145 3855 1308 3914; x_wconf 87' lang='lat' dir='ltr'><strong>Statnimns</strong></span> <span class='ocrx_word' id='word_1_281' title='bbox 1325 3871 1395 3914; x_wconf 87' lang='lat' dir='ltr'><strong>vero</strong></span> 
     </span>
    </p>

    <p class='ocr_par' dir='ltr' id='par_1_6' title="bbox 368 3951 1432 4031">
     <span class='ocr_line' id='line_1_35' title="bbox 368 3951 1432 4031; baseline 0.001 -17"><span class='ocrx_word' id='word_1_282' title='bbox 368 3956 399 4014; x_wconf 92' lang='lat' dir='ltr'><strong>in</strong></span> <span class='ocrx_word' id='word_1_283' title='bbox 415 3965 500 4014; x_wconf 90' lang='lat' dir='ltr'><strong>tuum</strong></span> <span class='ocrx_word' id='word_1_284' title='bbox 522 3953 702 4030; x_wconf 86' lang='lat' dir='ltr'><strong>stipendium</strong></span> <span class='ocrx_word' id='word_1_285' title='bbox 718 3971 772 4030; x_wconf 92' lang='lat' dir='ltr'><strong>pro</strong></span> <span class='ocrx_word' id='word_1_286' title='bbox 791 3951 940 4027; x_wconf 88' lang='lat' dir='ltr'><strong>praedicto</strong></span> <span class='ocrx_word' id='word_1_287' title='bbox 957 3971 1082 4011; x_wconf 88' lang='lat' dir='ltr'><strong>munere</strong></span> <span class='ocrx_word' id='word_1_288' title='bbox 1104 3953 1227 4031; x_wconf 90' lang='lat' dir='ltr'><strong>singulis</strong></span> <span class='ocrx_word' id='word_1_289' title='bbox 1243 3955 1395 4016; x_wconf 88' lang='lat' dir='ltr'><strong>mensibus</strong></span> <span class='ocrx_word' id='word_1_290' title='bbox 1430 3981 1432 3986; x_wconf 96' lang='lat'>·</span> 
     </span>
    </p>
   </div>
   <div class='ocr_carea' id='block_1_6' title="bbox 0 0 1575 4908">
    <p class='ocr_par' dir='ltr' id='par_1_7' title="bbox 0 0 1575 4908">
     <span class='ocr_line' id='line_1_36' title="bbox 0 0 1575 4908; baseline 0 0"><span class='ocrx_word' id='word_1_291' title='bbox 0 0 1575 4908; x_wconf 95' lang='lat' dir='ltr'><strong> </strong></span> 
     </span>
    </p>
   </div>
  </div>
 </body>
</html>
