3118 4908
640 430 770 531 (¹5)

189 639 267 698 imus
298 633 351 695 tibi
387 633 583 702 committere,
611 628 862 708 quemadmodum
891 631 1097 708 praesentibus
1125 632 1219 693 literis

189 736 412 809 committimus,
429 732 645 810 praedictarum
662 731 811 791 rationum
833 731 1034 808 receptionem
1050 740 1138 808 atque
1153 751 1219 792 aes-

189 837 372 898 timatienem
386 855 402 893 a
419 832 569 910 praedicto
590 839 758 909 quaestore,
774 840 803 890 et
818 830 872 890 tibi
888 831 970 910 regia
986 831 1106 891 nomine
1121 831 1218 910 impe-

188 957 297 1011 ramus,
324 946 356 995 ut
381 937 473 994 accito
501 952 600 993 coram
626 945 654 992 te
680 931 829 1009 praedicto
857 942 1014 1009 quaestore
1039 932 1218 994 incumbatis

135 1056 149 1102 o
190 1039 356 1118 praedictae
381 1035 579 1096 aestimationi
604 1053 657 1112 per
682 1051 785 1093 omues
810 1052 943 1093 summas
968 1034 1047 1094 iliius
1072 1034 1165 1094 debiti
1190 1048 1218 1094 et

189 1137 339 1198 distributi
362 1155 399 1196 ex
425 1154 459 1195 eo
485 1143 631 1211 tempore,
651 1151 721 1210 quo,
745 1131 996 1209 quemadmodum
1025 1132 1140 1193 dictum
1164 1145 1220 1206 est,

188 1240 300 1317 incepit
327 1237 473 1297 inservire
503 1236 532 1294 in
561 1234 711 1314 praedicto
736 1233 832 1294 officio
862 1252 956 1310 usque
985 1235 1015 1292 in
1045 1232 1135 1307 diem,
1159 1254 1219 1312 quo

190 1340 309 1410 iinietis,
324 1357 373 1398 cas
388 1337 592 1396 examinantes
614 1344 644 1394 et
659 1334 846 1394 verificantes
861 1353 916 1412 per
931 1335 1040 1413 scripta
1056 1334 1220 1415 originalia,

190 1461 265 1519 quae
280 1442 316 1498 de
331 1439 404 1516 ipsis
418 1436 569 1510 babuerit,
580 1454 675 1513 usque
690 1434 727 1494 ad
739 1435 857 1512 plenam
871 1435 1006 1494 omnium
1018 1454 1121 1495 earum
1134 1437 1220 1496 satis-

137 1545 166 1592 10
192 1543 397 1613 sactionein,et
410 1551 443 1598 ut
453 1536 565 1616 liquide
577 1550 729 1616 appareat,
739 1536 812 1614 quid
825 1537 916 1597 altera
929 1556 998 1615 pars
1008 1538 1092 1598 alteri
1104 1538 1219 1598 debeat.

191 1645 273 1716 Quae
286 1642 385 1701 omnia
400 1641 475 1701 iieut
489 1640 691 1718 perfunctorio
708 1648 823 1698 tantum
835 1639 923 1698 modo
935 1639 970 1698 ad
984 1640 1220 1700 aestimationem

190 1745 339 1803 rationum
355 1761 416 1803 non
431 1741 560 1801 discissis
574 1752 625 1799 aut
640 1740 806 1800 cancellatis
823 1739 982 1819 praedictis
994 1743 1122 1820 seriptis,
1145 1760 1221 1818 quae

189 1844 320 1920 alioquin
334 1842 370 1902 ad
392 1851 524 1902 nostram
546 1859 649 1900 aarum
670 1859 772 1901 rerum
792 1842 1020 1902 instructionem
1040 1851 1070 1901 et
1089 1843 1222 1902 satisfac-

191 1947 301 2004 tionem
317 1947 384 2003 usui
399 1942 485 2003 nobis
501 1961 564 2002 esse
579 1941 697 2001 debent.
715 1941 869 2002 Praesenti
884 1943 983 2020 itaque
998 1942 1109 2021 scripto
1124 1943 1222 2020 impe·

137 2057 166 2104 to
191 2064 292 2105 ramus
307 2043 457 2122 praedicto
472 2043 630 2120 quaestori,
646 2053 680 2102 ut
694 2061 726 2102 se
747 2043 831 2102 sistat
846 2061 945 2103 caram
962 2055 991 2104 te
1005 2061 1073 2103 cuin
1090 2044 1221 2122 praedic·

192 2147 229 2205 tis
244 2144 409 2204 rationibus
423 2157 453 2204 et
472 2143 590 2221 scriptis
607 2152 637 2201 et
655 2142 772 2201 intersit
792 2143 959 2221 praedictae
980 2145 1176 2203 aestimationi
1192 2155 1222 2205 et

192 2245 375 2323 iiquidationi
390 2247 432 2306 eis
448 2243 633 2322 temporibus
645 2254 674 2303 et
687 2243 778 2318 boris,
793 2263 866 2321 quas
877 2243 913 2303 ad
926 2243 956 2303 id
968 2244 1009 2304 iiii
1022 2246 1222 2318 constitueris,

191 2352 302 2424 absque
314 2347 395 2407 nullo
406 2346 533 2406 deiectu.
545 2345 630 2420 Quod
645 2345 728 2406 vobis
743 2345 938 2426 injungimus,
951 2355 985 2405 ut
996 2345 1048 2407 fiat
1058 2366 1126 2406 euin
1139 2348 1222 2407 omni

192 2448 347 2522 brevitate,
363 2458 395 2506 ut
415 2448 587 2525 expediatis,
609 2447 799 2524 quambrevi
819 2447 885 2506 fieri
910 2459 1018 2525 posset.
1037 2451 1222 2525 imperamus

137 2559 166 2606 ao
194 2559 344 2626 praeterea
366 2548 580 2628 christophoro
601 2550 638 2609 de
656 2549 829 2609 castellanis
850 2558 880 2610 et
900 2548 1052 2627 alphonso
1069 2549 1223 2609 niamedio

192 2650 400 2728 quaestoribus
414 2651 557 2729 stipendii
574 2650 715 2728 praedicti
731 2650 889 2722 exercitus,
905 2662 937 2710 ut
952 2650 1005 2709 has
1020 2651 1076 2728 ipsi
1093 2652 1223 2710 rationes

192 2752 323 2812 referant
337 2752 368 2811 in
389 2752 482 2811 libros
501 2751 641 2831 stipendii
662 2751 804 2829 praedicti
825 2749 982 2820 exercitus,
1002 2769 1077 2827 quos
1095 2751 1175 2828 apud
1193 2771 1225 2812 se

192 2853 314 2928 habent,
327 2865 357 2912 et
379 2853 432 2912 tibi
447 2853 575 2912 reddant
596 2872 716 2914 omnem
738 2854 884 2913 rationem
904 2863 956 2912 aut
974 2852 1105 2912 rationes
1119 2871 1223 2912 earum

192 2972 378 3014 summarum
392 2951 430 3012 ad
445 2954 610 3032 praedictas
625 2955 755 3014 rationes
771 2954 998 3032 pertinentium,
1009 2972 1083 3031 quas
1098 2953 1136 3012 ab
1151 2952 1224 3032 ipsis

137 3059 168 3109 ao
195 3054 313 3132 petieris
327 3054 549 3132 habueriutque
571 3055 601 3114 in
621 3055 682 3114 suis
696 3053 793 3128 tibris,
806 3053 920 3131 absque
937 3055 996 3114 uilo
1011 3053 1224 3132 impedimento

192 3164 243 3215 aut
267 3155 418 3227 dilatione,
446 3166 476 3214 et
500 3166 533 3214 ut
560 3155 658 3216 neutri
687 3157 819 3215 vestrum
847 3155 934 3214 aliter
963 3154 1087 3216 faciatis.
1117 3156 1226 3214 Datum

195 3257 347 3316 Brusseiiis
362 3275 392 3315 ιιι
406 3255 507 3334 aprilis
522 3258 678 3316 MDLXXI.

233 3360 299 3416 Dux
315 3357 456 3416 Albanus.
