3134 4926
616 436 770 534 (tua)

451 730 535 788 lieo·

209 900 361 959 Franciscc
377 897 484 958 liraldi
507 898 621 958 solutor
643 898 737 958 nostri
763 898 911 958 exercitus
940 898 971 957 in
997 896 1107 976 Belgio,
1132 916 1199 956 eunt

168 1003 213 1061 liis
234 1003 328 1061 literis
344 999 473 1060 mittitur
493 1019 612 1078 quoqne
637 999 673 1059 ad
700 1008 729 1060 te
745 999 888 1078 scripturn
906 997 1134 1077 permutationis
1148 1009 1201 1058 aut

167 1102 273 1164 cambii
287 1103 410 1162 loannis
426 1101 552 1162 Curiclis
567 1101 745 1162 Thorrensis
767 1101 805 1160 ad
823 1100 953 1160 eundem
969 1111 997 1161 et
1013 1099 1200 1178 Alpbonsum

113 1213 129 1260 t
170 1205 299 1263 Diasium
328 1203 366 1262 de
394 1203 514 1280 aguilar
541 1213 677 1281 agentem
712 1202 904 1281 Antworpiae
933 1200 1035 1261 datum
1065 1201 1200 1261 Madridii

168 1327 225 1367 xxv
236 1306 364 1385 januarii
381 1305 533 1383 praeteriti
555 1305 644 1382 liujus
659 1306 741 1376 anni,
757 1313 789 1364 ut
808 1306 839 1364 iu
854 1304 958 1365 eadem
975 1304 1050 1365 urbe
1065 1308 1200 1365 Autwcr·
1294 1351 1296 1354 .

171 1408 265 1486 piensi
286 1408 441 1468 solvantur
462 1406 499 1478 ei,
514 1424 603 1483 quem
630 1425 684 1466 nos
709 1405 939 1486 designavimus,
956 1407 1085 1466 ducenta
1109 1404 1200 1466 millia

169 1518 379 1568 coronatorum
394 1505 512 1585 triginta
524 1527 575 1567 sex
588 1507 771 1568 stulerorum
781 1507 810 1566 in
820 1507 951 1586 singulos
961 1507 1085 1584 pecunia
1096 1507 1202 1567 usitata

170 1611 199 1670 in
222 1607 421 1670 solutionibus
443 1608 647 1687 proximarum
668 1607 871 1668 nundinarum
889 1608 1036 1668 Pascbalis
1051 1626 1203 1668 resurrec-

114 1717 143 1765 tu
169 1709 258 1771 tionis
271 1708 360 1786 liujus
371 1708 441 1768 anni
451 1708 701 1769 tttttttttinitur
711 1711 800 1769 etiam
810 1708 889 1767 aliud
901 1710 1045 1787 scriptum
1054 1719 1204 1782 nostrum,

169 1823 202 1872 ut
218 1809 270 1869 tibi
285 1828 319 1869 ea
334 1827 449 1869 summa
466 1809 602 1868 tradatur
618 1807 767 1888 praedicto
784 1821 928 1886 tempore,
941 1821 1030 1888 prout
1046 1809 1159 1869 videbis
1171 1810 1202 1868 in

168 1911 274 1972 scheda
291 1920 321 1970 ct
334 1909 445 1989 scripto
461 1911 689 1986 permutationis
704 1914 766 1987 (aut
781 1908 900 1986 cambii)
916 1929 1005 1988 supra
1021 1911 1203 1971 memoratis.

168 2016 250 2088 Qtrae
264 2012 373 2090 scripta
389 2011 498 2086 statim,
512 2023 544 2071 ut
558 2013 717 2088 acceperis,
733 2012 973 2090 repraesentabis
995 2013 1047 2086 eis,
1069 2011 1105 2073 ad
1128 2031 1203 2089 quos

169 2125 249 2183 sunt,
278 2123 329 2172 aut
351 2112 413 2172 suis
435 2112 642 2190 sponsoribus,
666 2113 715 2190 qui
749 2113 789 2173 ibi
816 2113 927 2173 luerint
953 2114 987 2173 ad
1015 2115 1203 2174 tractandum

115 2226 144 2274 ta
169 2233 273 2275 eorum
290 2212 421 2292 negotia3
436 2213 620 2291 accipiesque
642 2215 845 2274 testimonium
864 2214 1073 2294 acceptationis
1093 2233 1203 2275 earun-

169 2317 236 2376 dem
262 2314 417 2375 literarum
446 2325 475 2374 et
503 2333 557 2374 suo
585 2324 719 2392 tempore
750 2314 874 2394 recipies
900 2315 937 2374 ab
963 2316 1005 2374 eis
1039 2315 1204 2392 praedictos

169 2417 311 2476 ducentos
328 2416 407 2476 mille
420 2415 586 2489 coronatos,
601 2435 675 2493 ‹luos
690 2417 840 2495 expendes
855 2425 884 2477 et
900 2416 1063 2477 distribues
1073 2417 1111 2476 nd
1123 2417 1205 2477 ordi-

170 2537 237 2579 nem
253 2530 283 2577 ot
297 2515 396 2577 literas
409 2517 551 2596 jussorias
567 2518 656 2577 Ducis
671 2517 776 2578 Albani
802 2519 943 2596 praelecti
965 2521 1075 2578 summi
1097 2518 1204 2578 domus

169 2632 289 2681 nostrae
304 2631 333 2680 et
345 2621 427 2679 ducis
442 2621 589 2700 generalis
606 2621 699 2680 nostri
715 2621 872 2688 exercitus,
895 2639 962 2679 nam
988 2620 1090 2698 vigore
1114 2620 1204 2698 liujus

113 2737 143 2784 eu
170 2739 252 2781 meae
267 2721 392 2781 schedae
407 2723 536 2799 (accepta
552 2720 632 2780 illius
648 2721 764 2780 ratione
776 2739 830 2797 per
842 2720 1030 2780 Franciscum
1042 2720 1202 2779 Granicum

170 2835 355 2900 quaestorem
373 2834 508 2882 nostrum
529 2831 559 2882 ct
580 2824 726 2882 loannem
743 2821 906 2900 Delgadum
923 2830 1060 2881 nostrum
1075 2831 1204 2881 secreta-

170 2923 249 2984 rium
265 2935 294 2984 ct
308 2922 463 2984 literarum
474 2923 683 3001 jussoriarum,
699 2943 772 3001 quas
788 2922 826 2982 ad
852 2934 880 2983 te
905 2921 1021 2982 dederit
1043 2922 1122 2982 idem
1138 2924 1201 2981 Dux

171 3025 312 3102 Albanus)
333 3037 363 3085 et
383 3027 574 3103 scriptorum,
595 3045 671 3106 quae
697 3025 815 3084 illorum
839 3026 940 3104 vigore
964 3033 1140 3103 accepturus
1164 3043 1206 3096 es,

169 3127 269 3208 jubeo,
284 3140 316 3189 ut
333 3127 384 3188 tibi
400 3129 596 3189 admittantur
611 3129 647 3188 ad
664 3129 793 3188 rationes
816 3127 958 3206 praedicti
983 3126 1102 3186 ducenti
1127 3125 1208 3185 mille

116 3240 146 3286 aa
173 3231 305 3290 coronati
326 3228 439 3307 absque
464 3231 525 3291 ullo
547 3230 604 3289 alio
619 3230 740 3308 scripto.
764 3230 869 3288 Datum
892 3227 1027 3288 lladridii
1050 3246 1088 3287 xv
1103 3228 1207 3306 aprilis

172 3332 241 3391 anui
262 3333 373 3391 txxtt.

615 3534 674 3610 Ego
696 3533 767 3592 Rex.

206 3709 258 3768 -ad
270 3711 384 3788 jussum
398 3711 505 3789 Regiae
516 3711 675 3772 Maiestatis
686 3712 815 3771 loannes
831 3710 868 3770 de
880 3709 1046 3770 Schobedo.

216 3812 387 3874 Franciscus
411 3814 554 3874 Granicus
578 3814 692 3892 accepit
715 3814 878 3885 rationem3
904 3813 1033 3872 loannes
1059 3811 1211 3889 Delgndus

114 3916 147 3966 3⁰
174 3913 286 3992 accepit
301 3915 459 3976 rationem.
