3118 4908
825 391 953 488 (uu)

368 591 464 662 (lecim
482 590 564 650 mille
581 601 610 648 et
629 598 748 649 sentum
770 590 872 670 viginti
891 591 954 651 aliis

370 693 491 770 triginta
514 689 611 750 tribus
633 690 732 750 solidis
754 691 900 750 contentis
925 693 954 750 in

369 793 418 850 illa
434 809 548 850 summa
571 790 675 869 viginti
698 787 822 849 millium
839 809 957 850 seneen-

372 902 470 952 torum
488 891 608 970 triginta
631 909 681 951 sex
698 901 907 950 coronaturum
924 904 953 951 et

371 992 477 1072 viginti
489 1011 539 1051 sex
551 991 735 1051 stulerurum
747 1010 813 1050 aum
829 1004 958 1068 quatuor

374 1091 468 1153 obolis
483 1093 623 1170 superius
644 1091 719 1151 dieta
743 1093 783 1171 (1)
805 1095 954 1170 procurati

373 1204 485 1253 suntet
497 1182 603 1253 urdine
614 1193 844 1253 ducisdartleala
857 1212 959 1272 prute-

374 1297 417 1376 gis
432 1295 618 1377 Neapolitani
631 1293 666 1355 ad
678 1295 861 1372 stipendium
874 1313 956 1355 nran-

374 1399 452 1460 sium
474 1398 576 1477 aprilis
594 1405 623 1456 et
644 1397 714 1456 maii
734 1395 866 1456 eiusdem
887 1398 956 1455 anni

375 1519 430 1579 pru
456 1499 563 1560 turmis
586 1497 720 1576 equitum
749 1497 956 1574 Neapolitano·

373 1621 441 1661 rum
458 1601 560 1680 (vulga
576 1600 602 1660 el
618 1600 706 1659 tertia
723 1598 760 1658 de
775 1597 910 1678 Napoles)
926 1599 956 1657 in

372 1703 476 1763 eudem
492 1701 620 1762 exercitu
637 1700 825 1760 militantium
841 1701 895 1777 (il.
999 1701 1099 1760 tutto
1114 1720 1173 1768 uon
1191 1703 1228 1762 lll
1245 1716 1280 1762 st.

411 1804 539 1863 Centum
555 1802 633 1861 millu
650 1811 836 1861 trecentosrt
849 1800 953 1878 viginti

371 1915 527 1967 coronatos
548 1915 577 1964 ut
601 1902 707 1982 viginti
728 1903 867 1978 stularos,
881 1922 956 1981 quos

372 2007 485 2084 aceepit
505 2026 520 2065 a
543 2005 701 2084 praedietis
720 2002 833 2064 Thuma
855 2004 955 2064 Fiascu

371 2118 400 2168 et
415 2109 503 2166 Petro
519 2105 640 2183 Spinula
659 2104 716 2164 suh
732 2104 823 2166 finem
839 2105 955 2164 deueni-

372 2209 531 2269 bris-anni
565 2209 714 2267 lllDLVlll
748 2225 803 2284 pro
836 2220 955 2268 centum

371 2308 452 2369 mille
477 2308 625 2368 coronatis
648 2307 686 2366 ab
711 2307 821 2367 eisdem
851 2318 955 2367 mutua

370 2411 498 2489 acceptis
512 2409 542 2468 in
564 2409 697 2469 Genuam
718 2407 868 2488 sexaginta
890 2421 955 2468 ortu

371 2510 481 2590 grossis
498 2529 566 2569 eum
589 2510 754 2588 quadrante
773 2510 801 2568 in
823 2510 954 2589 singulos

369 2613 450 2674 iussu
467 2612 550 2673 ducis
567 2611 680 2687 Albani,
702 2611 752 2687 qui
768 2611 810 2670 eis
827 2621 953 2690 patesta-
1026 2647 1030 2656 ·

369 2725 428 2774 tem
452 2713 521 2773 lecit
546 2731 609 2772 eam
638 2709 793 2792 pecuniam
815 2711 856 2770 ibi
879 2712 952 2770 reri·

368 2812 470 2892 piendi
485 2814 522 2873 ab
537 2814 581 2886 iis,
593 2813 644 2890 qui
660 2813 783 2872 salutari
800 2825 884 2872 erant
898 2813 955 2872 vir-

370 2925 431 2974 tute
446 2913 628 2975 eruditorum
642 2932 679 2974 ex
694 2913 834 2990 llispania
850 2913 952 2972 misso-

253 3073 257 3080 .
367 3033 589 3092 rum,qu0rum
610 3034 702 3074 unum
726 3023 788 3073 arat
803 3014 948 3092 quinqua-

366 3117 447 3196 ginta
483 3116 608 3175 millium
648 3126 857 3175 coronaturum
898 3133 951 3193 per

408 3461 446 3533 (Ι)
463 3464 537 3516 Cotta
550 3479 651 3516 summu
662 3464 728 3515 n’est
743 3478 790 3531 pas
804 3461 839 3514 (lu
863 3468 921 3514 tout
942 3457 1113 3512 mantionntle
1133 3457 1200 3510 (lans
1222 3463 1290 3509 nette
1310 3453 1405 3524 partia,

370 3562 405 3612 du
419 3559 540 3626 registra,
554 3560 600 3628 qui
615 3558 716 3612 semble
731 3555 787 3610 &tre
807 3557 917 3610 mutilae
939 3571 988 3624 par
1009 3556 1032 3607 la
1052 3553 1213 3606 maladresse
1233 3551 1270 3604 du
1287 3549 1398 3618 aopiste.

407 3655 446 3723 (9)
457 3654 476 3706 ll
486 3670 519 3706 ne
529 3670 557 3707 se
568 3655 774 3724 peutugirdans
784 3654 807 3705 le
818 3661 887 3705 texta
900 3653 933 3704 de
947 3651 1042 3704 durata
1056 3650 1089 3702 de
1104 3649 1140 3698 to
1154 3649 1220 3715 stas.
1235 3642 1332 3707 lidio
1345 3659 1399 3696 cor.

368 3754 412 3821 (da
423 3749 458 3800 39
472 3748 546 3822 stuf.)
563 3757 589 3808 ·l-
606 3748 644 3800 (5
654 3751 717 3817 stuf.
732 3751 820 3803 valent
838 3756 931 3801 autaut
943 3752 1003 3816 'que
1026 3743 1127 3807 t5,707
1146 3760 1197 3796 cnr·
1219 3741 1262 3811 (de
1275 3739 1309 3791 40
1321 3739 1400 3808 slus.)
1424 3748 1457 3796 30

372 3853 397 3897 4
412 3846 448 3897 23
461 3847 525 3912 alus.
