3118 4908
661 449 764 549 (9)
830 435 834 444 ’

188 653 404 732 quinquaginta
423 660 591 720 coronatos;
614 660 644 708 et
664 648 766 728 viginti
785 648 916 726 quinque
937 650 1008 709 alios
1031 669 1084 730 pro
1104 651 1220 710 duobus

187 755 253 814 aliis
278 751 462 825 officialibus,
484 751 534 828 qui
555 750 606 810 tibi
626 751 686 810 sint
707 750 826 822 auxilio,
848 751 919 832 viris
942 750 1036 810 bonae
1058 752 1138 822 lidei;
1160 771 1219 830 quo

187 853 337 933 stipendio
359 851 499 912 fruamini
516 871 532 910 a
548 850 596 910 die
614 851 748 911 datarum
768 849 874 910 harum
894 849 1048 911 literarum
1069 854 1098 911 in
1120 862 1218 928 poste·

188 975 268 1031 rum,
279 952 421 1032 quamdiu
435 952 602 1032 praedictus
617 952 763 1012 exercitus
775 951 939 1011 duraturus
954 953 1000 1011 sit.
1012 953 1133 1011 Summa
1149 970 1219 1011 rere

188 1055 296 1115 horum
311 1053 527 1131 stipendiorum
543 1051 718 1112 admittatur
732 1051 815 1112 vobis
836 1063 866 1111 et
882 1051 1029 1112 reseratur
1043 1053 1073 1110 in
1090 1053 1218 1112 rationes

189 1157 303 1215 virtute
318 1155 408 1214 huius
424 1154 502 1214 tituli
523 1165 576 1213 aut
595 1152 723 1232 exempli
747 1153 825 1212 illius
847 1153 1012 1213 authentici
1034 1153 1145 1229 absque
1160 1153 1218 1211 ullu

188 1257 243 1316 alie
267 1257 392 1316 ratione.
409 1254 613 1314 Observebitis
637 1272 708 1313 vero
734 1254 763 1312 in
791 1273 845 1313 usn
866 1266 897 1314 et
920 1253 1060 1314 exercitio
1087 1253 1219 1314 muneris

189 1358 279 1417 vestri
294 1375 362 1416 eum
378 1351 540 1438 ordinent,
553 1355 604 1433 qui
620 1354 703 1414 vohis
719 1355 924 1415 instructionis
935 1353 1056 1415 nomine
1069 1355 1220 1415 exhibebi-
1262 1351 1320 1414 plot.
1333 1351 1356 1405 6.

190 1472 320 1518 turcum
336 1457 382 1528 hia
398 1457 492 1516 literis
507 1456 591 1518 datis.

461 1672 594 1732 lladrldii
607 1690 646 1730 xn
660 1673 947 1774 murtiill.Dl„llVll.

636 1817 694 1894 ligo
710 1818 781 1876 Rex.

412 2019 471 2096 Ego
498 2018 628 2076 loannes
658 2019 805 2095 Vosqulus
832 2019 1004 2089 Salazarius,

443 2157 620 2217 secretarius
635 2157 802 2216 Catholicae
817 2158 973 2235 lllaJestatis

516 2257 608 2336 ipsius
623 2257 705 2317 iussu
721 2257 809 2316 scribi
827 2257 891 2318 leci.

137 2510 166 2556 15
234 2483 291 2556 Ego
319 2481 426 2540 Petrus
451 2480 627 2556 Velasquius
656 2480 752 2539 scriba
779 2479 879 2559 regius
900 2481 977 2539 Suac
1003 2479 1161 2556 Majcstatis
1192 2479 1220 2536 in

191 2580 331 2641 omnibus
357 2580 456 2660 regnis
477 2591 507 2640 et
532 2579 672 2641 dominiis
697 2582 791 2657 ipsius
817 2581 988 2660 transcripsi
1014 2581 1107 2641 alieno
1131 2600 1220 2640 rnanu

193 2700 331 2759 praesens
346 2681 515 2759 exemplum
528 2701 564 2741 cx
578 2682 663 2741 titulo
675 2682 821 2762 originali,
834 2701 900 2741 cum
914 2701 973 2758 quo
986 2681 1040 2741 luit
1054 2693 1221 2742 correctum

191 2795 220 2843 et
235 2782 454 2842 collationatum
471 2782 675 2860 praesentibus
695 2784 820 2842 Martino
836 2782 873 2842 dc
889 2783 1080 2860 Egulgurem‚
1095 2783 1221 2841 Martino

191 2885 363 2946 devinceta
385 2896 415 2944 et
437 2882 620 2943 Gundizalro
646 2882 682 2943 de
710 2884 852 2944 Redondo
874 2885 1060 2962 Antwerpiae
1082 2884 1221 2945 habitan-

135 3007 165 3056 ρο
192 2984 278 3052 tibus,
302 2983 352 3044 ubi
375 2984 603 3062 transscriptum
622 2994 665 3044 est
686 3004 755 3044 xvrn
773 2984 851 3062 junii
873 2985 1028 3058 trotxxt,
1050 2996 1079 3044 et
1103 2996 1222 3063 petente
1271 3039 1273 3042 .

190 3087 294 3146 eodem
316 3097 472 3164 quaestore
499 3084 553 3145 leci
575 3093 605 3146 et
627 3085 780 3164 obsignavi
804 3104 869 3146 meo
891 3087 975 3165 signo
996 3097 1025 3146 ct
1039 3087 1220 3163 confirmavi

192 3206 258 3248 meo
274 3187 394 3246 nomine
410 3195 607 3262 praesentem.

837 3328 941 3385 Petrus
957 3326 1139 3402 Velasquius.

231 3546 378 3626 Sequitur
392 3543 557 3625 exemplum
570 3541 644 3606 bona
655 3542 716 3624 fide
732 3546 950 3625 transcriptum
965 3564 1001 3604 err
1015 3545 1220 3620 instructiore,

137 3665 167 3713 as
193 3664 285 3728 qnam
311 3643 457 3726 Mojestae
483 3645 576 3726 Βορέα
596 3643 679 3704 dedit
704 3646 858 3726 quaestori
884 3645 1043 3706 Francisco
1072 3645 1220 3719 tiralrlio,

192 3745 227 3806 dc
252 3744 349 3823 modo,
373 3765 432 3827 quo
453 3755 527 3807 esset
550 3745 821 3807 administraturus
840 3747 1029 3827 praedictum
1055 3746 1223 3828 quaestoris
1290 3761 1294 3770 '

191 3865 303 3907 mrmna
316 3850 460 3907 exercitus
475 3847 598 3926 Bclplcr',
615 3867 692 3929 qnae
703 3851 863 3908 instructio
874 3851 1053 3926 confirmata
1066 3859 1127 3908 crat
1139 3847 1220 3929 reple

192 3967 248 4009 suo
261 3947 379 4010 nominc
397 3956 424 4008 et
438 3948 592 4029 recoquitur
605 3967 660 4028 per
674 3950 823 4009 Ioannem
846 3949 1013 4030 Vosquium
1028 3948 1223 4010 Sclnzerium

192 4049 389 4112 secretarium
404 4053 529 4127 replum.
