3134 4926
636 453 765 552 (85)

178 641 221 698 rei
247 641 283 699 ad
308 641 399 703 finem
423 645 492 706 libri
513 649 603 728 hujus
623 653 761 713 aestima·

177 742 266 803 tionis
280 746 331 822 (1).
801 759 921 818 tentae
940 779 1000 821 coe.
1015 763 1055 822 57
1074 773 1110 823 st.
1127 766 1145 823 9
1159 765 1207 825 ob.

338 984 429 1046 Atiae
448 1007 598 1065 expensae.

216 1155 273 1214 Pro
289 1154 379 1216 cebo-s
392 1161 536 1238 coemptis
546 1161 631 1238 jussu
652 1164 761 1242 Regiae

135 1260 149 1303 5
174 1256 760 1342 Maiestatisetaliisexpensisadregium

173 1358 238 1435 ejus
249 1361 406 1421 servitium
422 1373 535 1440 septem
553 1366 633 1425 mitte
648 1368 761 1442 septin-

172 1463 252 1537 genti
272 1461 392 1540 triginta
419 1482 470 1523 sex
495 1467 627 1526 coronati
654 1487 760 1528 novem

172 1561 280 1623 stuieri
294 1583 345 1622 sex
360 1564 438 1624 oboii
454 1566 611 1628 videlicet:

213 1665 269 1723 Pro
275 1672 381 1742 torque
393 1686 430 1726 ex
441 1667 639 1730 unionibusct
650 1689 761 1750 marga-

118 1777 148 1824 to
173 1764 237 1824 citis
252 1765 387 1828 coniecto
403 1770 524 1829 nomine
538 1772 646 1850 Regiae
658 1772 759 1833 Maies-

173 1869 240 1928 tatis
274 1870 305 1927 in
342 1869 455 1929 donum
492 1872 582 1931 misso
623 1871 760 1933 dominae

173 1971 289 2030 Reneae
301 1972 390 2031 nurui
404 1973 641 2034 DucisBavaeiae
652 1975 683 2034 in
696 1976 761 2052 ejus

171 2071 283 2149 nuptiis
307 2080 368 2131 tres
396 2072 475 2132 mille
501 2075 689 2154 septuaginta
708 2095 760 2136 sex

169 2174 302 2232 coronati
318 2173 437 2251 triginta
453 2193 505 2234 sex
518 2176 635 2236 stuieei.
800 2180 880 2238 soto
896 2198 957 2240 coc.
972 2182 1011 2242 56
1026 2195 1060 2240 st.

116 2282 144 2328 tt
211 2276 268 2333 Pro
290 2276 402 2334 annulo
423 2295 490 2335 cum
517 2296 576 2337 uno
601 2278 758 2340 adamante

168 2376 290 2435 nomine
321 2376 467 2454 Principis
505 2379 600 2438 Caroli
641 2380 754 2440 domini

168 2479 272 2552 nostri,
304 2497 394 2556 quem
423 2481 503 2540 Deus
531 2481 689 2560 glorificet,
718 2484 754 2542 ad

167 2577 291 2640 eandem
308 2578 458 2640 dominam
480 2581 511 2638 in
532 2579 645 2641 donum
662 2583 753 2642 misso

168 2680 248 2740 mitte
262 2680 382 2741 ducenti
403 2681 520 2760 triginta
542 2683 675 2741 coronati
698 2683 752 2741 tri·

112 2790 141 2837 ao
165 2783 247 2858 ginta
261 2777 377 2841 stuseei.
798 2784 877 2842 {250
891 2802 952 2844 coc.
970 2787 1009 2844 50
1023 2794 1059 2844 st.

205 2884 263 2942 Pco
277 2882 488 2960 conquirendis
508 2901 562 2962 pec
583 2882 637 2943 hos
655 2891 751 2944 status

165 2984 318 3044 nonnullis
341 2984 512 3044 cantoribus
538 2995 568 3043 et
592 2986 754 3063 organistis

162 3084 200 3144 ad
215 3085 357 3162 capellam
378 3085 485 3164 Regiae
506 3083 666 3145 Maiestatis
689 3097 753 3145 tec-

164 3187 243 3246 centi
260 3185 404 3246 coronati.
594 3182 605 3200 ‘
793 3188 853 3248 500
867 3205 927 3247 cor.

111 3293 139 3342 25
205 3287 351 3348 Guilelmo
394 3288 595 3366 Woiquerslot
638 3289 752 3348 tonsori

163 3389 271 3469 Regiae
303 3391 461 3450 Maiestatis
488 3389 525 3450 ad
556 3390 754 3449 coemendum

164 3492 309 3570 quaedam
323 3491 360 3552 ad
372 3493 479 3572 Regiae
489 3491 649 3552 Maiestatis
662 3491 754 3552 seevi·

164 3694 246 3753 mitte
260 3696 403 3754 coronati.
799 3694 951 3753 t000coc.

108 3971 138 4020 30
200 3959 243 4027 (tt
262 3959 299 4012 Le
320 3958 468 4011 manuscrit
487 3975 522 4011 ne
541 3959 660 4012 contient
691 3974 738 4028 pas
778 3959 802 4010 ia
837 3961 907 4010 ratio
941 3960 1061 4025 spectatis
1090 3960 1198 4012 ci-mcn·

163 4054 281 4110 tionneic.
