3134 4926
799 409 929 510 (86)

338 620 368 671 et
389 609 488 669 nantis
509 627 579 667 snae
597 627 742 687 personae
758 621 787 668 ct
802 599 931 669 snorum

338 713 519 772 famulorum
535 721 564 770 et
581 710 739 771 duodecim
755 713 924 790 capitaneo·

339 831 408 873 rum
436 824 466 873 ct
493 813 649 873 duodecim
678 813 927 887 vexilliferornm,

295 945 296 948 ¹
340 915 390 993 qui
406 933 475 975 enm
491 928 562 974 snat
576 915 718 975 comitati.
972 920 1121 978 t700cor.

381 1017 438 1076 Pro
453 1018 593 1094 expensis
608 1017 692 1076 saetis
704 1035 773 1080 ¹curn
791 1016 925 1094 patribus

339 1117 558 1189 commissarum,
570 1137 646 1196 qnos
656 1118 802 1179 Sanctitas
812 1118 927 1178 Summi

340 1219 491 1279 Pontificis
502 1220 590 1291 misit,
603 1230 635 1277 ut
647 1220 801 1278 visitarent
813 1238 928 1279 monas-

341 1322 414 1380 teria
428 1321 569 1380 ordinum
585 1320 644 1379 divi
660 1320 806 1379 Francisci
822 1330 848 1379 et
867 1320 927 1380 divi

341 1422 487 1482 Dominioi
502 1423 532 1481 in
549 1421 595 1480 his
610 1422 746 1496 statibus,
765 1423 927 1501 octingenti
1191 1487 1196 1492 „

340 1522 444 1603 viginti
473 1524 532 1582 duo
563 1523 695 1582 coronati
722 1523 825 1602 viginti
849 1543 927 1582 unus
1401 1534 1429 1582 to

339 1624 445 1683 staicri
461 1633 520 1682 tres
535 1622 624 1682 oboli.
964 1627 1023 1685 822
1039 1645 1098 1686 cor.
1114 1629 1147 1686 tt
1168 1638 1202 1687 st.
1220 1631 1238 1688 5
1253 1626 1302 1687 ob.

381 1727 438 1784 Pro
453 1723 516 1783 aliis
531 1724 668 1801 expensis
683 1725 927 1784 extraordinariis

341 1836 459 1904 practer
470 1827 608 1906 superius
623 1827 758 1904 scriptas,
774 1846 849 1904 qnae
865 1827 925 1886 fac-

341 1940 387 1988 tae
409 1939 479 1988 sunt
493 1928 524 1987 in
540 1928 677 1988 diversas
699 1928 790 1987 rebus
812 1930 925 1988 servitii

337 2031 444 2110 Regiae
459 2031 625 2102 Maiestatis,
642 2030 689 2088 irie
704 2027 821 2090 omissis
838 2051 926 2111 prop-

337 2145 382 2192 ter
396 2132 593 2210 prolixitatem
610 2143 640 2191 et
655 2132 796 2192 minutias
811 2144 926 2210 septem

336 2235 417 2294 milio
440 2233 649 2312 quadringenti
677 2235 835 2313 nonaginta
863 2248 924 2294 tres
1205 2299 1206 2302 Ἴ

337 2335 468 2394 coronati
490 2333 590 2394 decem
617 2347 644 2394 et
672 2353 779 2394 noveru
805 2336 922 2396 stuseri.
966 2339 1045 2399 7495
1061 2358 1121 2400 eor.
1139 2343 1176 2399 ta
1190 2350 1227 2400 st.

375 2438 497 2496 Summa
531 2435 629 2516 ipitar
661 2436 803 2496 aniverso
835 2437 926 2496 totius

336 2534 923 2618 expensiexpraedictissammiaomai-

335 2642 388 2700 bas
403 2637 621 2699 aestimationis
643 2647 670 2698 et
692 2638 846 2700 rationum
863 2639 925 2699 iai-

337 2751 437 2801 taram
451 2762 469 2801 a
484 2741 639 2822 prorisore
651 2744 771 2800 Joaaae
792 2741 926 2802 laceratio

335 2862 369 2901 ea
408 2850 533 2922 tempore
569 2839 796 2921 patrernatioais
832 2844 926 2902 Dacis

336 2941 446 3002 Albani
460 2963 555 3024 usqae
569 2942 609 3002 ad
622 2941 710 3022 fiaern
726 2945 802 3000 anati
816 2944 907 3002 LXX
908 2947 926 3002 Ι

201 3055 261 3116 utel.
276 3055 314 3109 tt.
337 3064 517 3126 eoaaurpcas
533 3056 577 3103 est
589 3065 595 3104 :
609 3041 620 3117 ΙΙ

376 3150 490 3225 Septem
508 3143 657 3206 militasses
667 3150 808 3226 aonpeati
819 3147 926 3226 aipinti

336 3260 442 3326 septem
461 3245 541 3307 mitte
559 3248 690 3308 sexcenti
708 3259 766 3308 tres
786 3248 925 3307 coronati

337 3351 434 3411 decem
446 3359 471 3408 et
487 3359 549 3410 octo
562 3349 672 3427 stalera
690 3351 749 3409 dato
770 3348 856 3408 oboli.
872 3351 920 3428 (i).
964 3351 1104 3410 romana
1117 3369 1177 3409 cor.
1191 3353 1227 3410 18
1243 3353 1369 3413 swab.

378 3629 418 3702 (i)
437 3631 489 3683 Par
503 3629 646 3682 i'addition
660 3629 693 3681 dc
707 3636 794 3682 tontes
808 3629 846 3680 ies
864 3644 979 3680 sommas
994 3629 1041 3681 des
1055 3626 1192 3697 depensos,
1213 3645 1246 3682 on
1265 3629 1370 3684 obtient

339 3729 364 3780 le
377 3726 442 3780 total
455 3725 488 3778 de
501 3721 650 3788 7,927‚aaa
663 3741 715 3777 eor.
726 3722 758 3773 to
779 3723 844 3790 atas.
859 3717 878 3769 3
892 3725 931 3775 ab.
941 3723 1003 3774 Cela
1021 3723 1072 3776 init
1086 3739 1139 3775 nne
1155 3721 1300 3776 differenee
1315 3741 1368 3794 pcn
1394 3736 1423 3784 30

338 3825 501 3894 importante
514 3821 653 3872 d’environ
670 3818 724 3873 {00
738 3821 842 3874 dueats.
864 3835 896 3870 en
918 3828 1076 3889 comparant
1096 3827 1165 3872 cette
1184 3835 1286 3873 somme
1307 3817 1321 3872 'a
1343 3822 1367 3874 ia

338 3935 440 3974 somine
459 3917 615 3986 marginata.
636 3916 677 3970 On
699 3923 795 3968 trouve
815 3931 911 3967 encore
932 3930 985 3966 une
999 3923 1075 3967 autre
1089 3916 1314 3969 communication
1329 3918 1367 3969 du

340 4017 404 4071 total
425 4016 471 4068 des
490 4013 621 4084 dc'penses
640 4029 675 4065 au
695 4015 806 4082 registra
821 4012 877 4080 (foi.
892 4009 959 4082 ὡς
975 4019 1043 4064 cette
1056 4028 1158 4064 somme
1178 4009 1272 4066 differe
1288 4015 1323 4066 de
1342 4015 1366 4068 ta

338 4129 440 4169 somma
453 4107 566 4164 cinotcic
579 4107 623 4161 d''a
637 4125 688 4179 pcu
704 4105 766 4178 pres
780 4107 797 4159 6
811 4108 913 4160 dueats.
