3134 4926
9 45 12 130 ζ

9 175 12 224 t

9 849 12 920 l

820 401 950 499 (84)

404 598 460 655 Pro
487 609 606 656 centum
629 598 783 658 duodecim
807 602 945 680 stragulis

363 699 442 758 mille
458 697 591 758 ducentis
607 701 710 778 viginti
730 701 847 761 duobus
868 704 945 761 ulnis

226 797 335 857 1110131·
361 801 565 861 constantibus
590 802 627 862 ad
652 802 807 863 servitium
820 811 831 884 ΙΙ
843 808 948 884 Regiae

359 901 517 962 Maiestatis
534 904 713 964 transmissis
729 907 809 964 mille
822 909 944 967 trecenti

359 1003 510 1081 sexaginta
525 1001 584 1063 duo
605 1009 736 1066 coronati
761 1018 820 1067 tres
843 1006 948 1067 stuleri

358 1123 426 1163 cum
442 1103 576 1166 dimidio.
986 1113 1064 1174 teta
1077 1132 1138 1174 cor.
1154 1117 1172 1174 5
1187 1111 1218 1187 ’1,
1233 1127 1269 1176 st.

402 1207 457 1266 Pro
499 1207 649 1268 nonnullis
689 1209 870 1270 membranis
909 1213 943 1270 all

358 1308 477 1385 Regiam
533 1309 714 1369 Maiestatem
764 1313 945 1384 transmissis

358 1408 460 1467 decem
477 1418 505 1467 et
521 1418 586 1468 octo
601 1411 742 1469 coronati.
989 1416 1026 1474 18
1042 1434 1099 1474 cor.

399 1509 537 1588 Magistro
557 1509 689 1570 Michaeli
712 1513 817 1571 Coxiae
840 1513 943 1588 pictori

356 1611 464 1689 Regiae
485 1612 641 1672 Maiestatis
663 1613 783 1672 ducenti
811 1613 942 1689 quinque

355 1713 488 1772 coronali
519 1714 653 1790 quinque
683 1713 787 1774 stuleri
814 1714 943 1774 bonora-

357 1814 434 1873 rinm
451 1814 561 1874 donum
586 1834 640 1894 pro
662 1815 760 1875 tabula
784 1816 943 1878 descensus

353 1916 462 1975 Christi
487 1935 521 1975 cx
544 1936 631 1976 cruce
653 1917 690 1976 ad
711 1919 820 1996 Regem
845 1916 882 1975 ab
907 1937 941 1977 eo

355 2021 453 2077 missa.
985 2021 1044 2079 105
1059 2039 1117 2080 cor.
1134 2025 1152 2080 5
1167 2033 1202 2082 st.

397 2121 453 2176 Pro
469 2119 576 2196 puerili
591 2121 787 2198 suppellectili
801 2132 940 2200 argentea

355 2220 462 2296 Regiae
477 2221 634 2280 Maiestatis
657 2221 740 2298 jussu
768 2223 937 2281 transmissa

353 2322 555 2380 Serenissimis
582 2321 767 2401 Principissis
788 2323 848 2380 suis
872 2321 943 2382 filia·

354 2423 408 2482 bus
430 2431 548 2482 centiam
565 2423 788 2500 quatuordecim
806 2424 938 2483 coronati

351 2523 575 2602 quatuordecim
590 2524 709 2587 stuleri.
977 2528 1034 2586 111
1049 2545 1108 2586 cor.
1128 2530 1163 2588 tt
1178 2539 1213 2586 st.

393 2629 449 2686 Pro
478 2627 656 2703 quibusdam
693 2627 780 2706 pupis
815 2627 936 2686 nomine

350 2728 456 2807 Regiae
479 2728 636 2788 Maiestatis
664 2728 699 2786 ad
726 2727 933 2788 serenissimos

351 2829 542 2908 Principissas
569 2829 725 2888 Bobemiae
756 2828 935 2888 transmissis

348 2939 467 2990 centum
483 2931 697 3010 qninquaginta
713 2931 856 2990 coronati.
974 2931 1033 2990 t50
1047 2949 1109 2990 cor.

388 3030 557 3090 Christiano
579 3033 722 3108 Sgroteno
740 3031 775 3089 ad
804 3032 932 3090 rationes

346 3135 419 3209 ejus,
439 3132 517 3208 quotl
539 3133 672 3210 accipere
691 3132 780 3192 (lebet
796 3152 849 3210 pro
865 3133 931 3192 des·

345 3233 491 3312 eriptione
525 3234 631 3294 borum
665 3244 806 3302 statuum,
841 3253 929 3308 qnam

344 3336 412 3396 lecit
423 3338 528 3416 Regiae
542 3337 694 3410 Maiestati,
705 3337 825 3396 ducenti
842 3337 927 3412 qnin-

343 3439 483 3518 quaginta
508 3459 558 3500 sex
583 3439 715 3500 coronati
743 3437 846 3517 viginti
869 3437 928 3498 duo

342 3541 458 3600 stulcri.
969 3539 1028 3598 ⁶256
1042 3557 1102 3600 eor.
1121 3539 1157 3596 tu
1173 3548 1207 3597 st.
1225 3540 1277 3618 (1),

380 3885 420 3950 (1)
444 3884 574 3954 Compare
585 3901 636 3937 aux
649 3885 887 3938 communicatIons
907 3884 943 3937 ou
958 3891 1037 3948 texte,
1053 3884 1076 3935 le
1090 3882 1202 3936 nombre
1216 3883 1262 3936 des
1274 3885 1372 3952 atufcm'

345 3999 377 4033 ne
395 3981 495 4034 semble
508 3997 554 4050 pas
564 3982 643 4048 juste.
1217 3973 1219 3978 ’
