3118 4908
791 433 920 532 (a)

337 632 464 692 Martino
485 630 521 691 de
545 631 666 700 Uocem,
686 631 812 689 Martino
833 630 870 690 de
892 630 1062 709 Eguiguren
1086 643 1115 692 et
1134 631 1313 692 Gondizalvo
1334 633 1372 693 de

334 732 476 795 Redondo
509 731 714 792 habitantibus
743 733 949 809 Autwerpiae‚
984 731 1035 792 ubi
1069 732 1124 792 tuta
1156 734 1370 811 transcriptum

336 837 428 894 xvttt
441 834 521 912 junii
537 834 713 894 ttt.t).txxt.
736 833 835 908 Quare
859 844 889 892 et
909 835 1033 910 apposui
1057 833 1105 892 hic
1124 851 1224 895 mcum
1240 832 1369 913 sigilium

336 949 364 995 et
380 935 496 994 firmam
515 935 662 993 usitatam.

972 1087 1079 1145 Petrus
1102 1087 1287 1164 Velasqoius.

337 1380 553 1442 Fcrda'ucudus
568 1379 698 1440 Aturrus
713 1401 730 1440 u
751 1378 869 1440 Thoteto
885 1382 956 1440 Dua
969 1379 1102 1443 Albanus
1116 1384 1253 1445 Murcido
1265 1385 1371 1445 Cariae

379 1485 478 1542 Comes
498 1479 700 1542 Saluuticrroe
715 1485 885 1562 primarius
898 1482 1066 1562 praefectus
1081 1485 1185 1545 domus
1201 1485 1371 1566 majestatis

378 1585 486 1664 Regiae
506 1591 533 1643 et
555 1583 617 1643 ciue
638 1580 818 1662 gubernator
839 1581 934 1644 locum
958 1591 1058 1644 truens
1079 1593 1106 1645 ct
1127 1584 1189 1647 due
1199 1590 1370 1663 primarius

334 1711 336 1714 ·
370 1686 411 1744 ,iu
434 1684 482 1744 dio
505 1681 669 1744 Floadriuc
689 1685 827 1744 statibus.

376 1886 524 1959 Quoniam
550 1887 724 1946 Franciscus
749 1887 894 1947 Livaidius
920 1900 1061 1966 quaestor
1087 1889 1238 1949 exercitus
1263 1890 1369 1968 Regiae
1394 1906 1430 1953 10

337 1988 495 2066 Maiestatis
524 1989 679 2048 inservivit
708 1998 737 2048 et
762 1988 885 2048 inservit
909 1988 1007 2049 adhuc
1036 1989 1066 2049 in
1096 1990 1201 2050 eodem
1228 1989 1325 2049 officio
1352 2009 1368 2049 a

338 2100 439 2148 nostro
454 2089 583 2148 discessu
599 2108 635 2149 ex
651 2089 729 2168 regia
746 2090 837 2161 curia,
859 2100 891 2148 ut
908 2108 965 2147 una
981 2090 1161 2160 veniremus,
1173 2089 1367 2168 quemadmo-

338 2189 411 2248 dum
427 2199 549 2247 ventum
566 2200 619 2259 est,
635 2207 702 2247 cum
719 2178 821 2247 eodem
841 2190 970 2249 exercitu
991 2191 1022 2249 in
1045 2191 1210 2269 praedictos
1228 2200 1322 2250 status
1338 2199 1369 2249 ot

338 2288 375 2348 ad
393 2285 535 2366 praedicti
550 2289 697 2347 exercitus
712 2288 889 2346 solutionem
906 2298 969 2348 tum
992 2292 1078 2349 etiam
1094 2291 1220 2350 aliorum
1239 2291 1366 2350 miiitum

339 2407 374 2448 ex
389 2389 453 2448 aliis
468 2388 606 2467 gentibus
622 2399 681 2446 tam
697 2389 830 2465 peditum
845 2408 934 2466 quam
954 2391 1100 2467 equitum,
1114 2409 1190 2467 quos
1204 2390 1241 2449 ad
1256 2391 1368 2470 stipeu·
1395 2409 1430 2456 15

339 2488 422 2548 dium
437 2489 545 2564 Regiae
560 2489 717 2547 Maiestatis
733 2488 869 2566 colligere
881 2489 1025 2566 jussimus
1041 2493 1152 2568 quique
1170 2488 1210 2551 tttt
1227 2491 1369 2550 inservie-

340 2601 412 2649 runt
427 2590 483 2649 sub
500 2589 707 2649 uostro'duetu
723 2592 751 2648 in
768 2588 814 2649 his
830 2591 1044 2666 occasionibus,
1058 2610 1133 2666 quae
1151 2603 1216 2670 post
1231 2599 1366 2651 nostrum

339 2691 500 2752 adventum
516 2690 630 2750 oblatae
645 2702 725 2766 sunt,
738 2702 767 2750 et
781 2690 817 2748 ad
829 2692 883 2749 alia
895 2677 1015 2770 'negotia
1031 2690 1068 2749 ad
1083 2691 1197 2770 regium
1213 2692 1368 2751 servitium

340 2792 530 2872 pertinentia,
548 2793 660 2870 accepit
681 2801 740 2850 tam
761 2795 790 2850 in
820 2791 957 2870 Hispania
983 2801 1013 2850 et
1037 2793 1118 2851 ltalia
1141 2811 1230 2869 quam
1252 2793 1283 2851 iu
1306 2792 1369 2851 istis

339 2895 464 2956 statibus
486 2913 606 2972 magnas
628 2897 821 2974 pecuniarum
842 2914 983 2969 summas,
998 2896 1036 2955 de
1054 2897 1172 2972 quibus,
1187 2895 1256 2973 quia
1279 2897 1366 2974 Regia
1393 2909 1429 2958 aa

340 2997 474 3074 Majestas
491 2996 624 3053 nondum
639 2995 804 3067 constituit,
825 2996 926 3072 quiex
943 2997 1122 3056 curationes
1139 3007 1284 3073 peterent,
1301 3015 1367 3056 nee-

340 3099 411 3157 dum
435 3099 498 3175 ipse
513 3096 652 3156 reddidit.
672 3098 801 3157 Interest
816 3108 968 3174 praetcrea
983 3099 1056 3176 regii
1078 3098 1190 3157 servitii
1206 3109 1235 3158 et
1257 3097 1368 3158 utilita-

341 3201 377 3260 tis
392 3199 498 3258 aerarii
513 3197 586 3276 regii
602 3207 691 3274 atquc
712 3198 785 3257 adeo
799 3197 892 3257 nostri
906 3217 1026 3277 quoquc
1038 3198 1136 3267 officii,
1152 3209 1185 3258 ut
1204 3217 1369 3269 noscamus,

339 3320 399 3378 quo
414 3301 443 3359 in
459 3311 536 3360 statu
561 3298 726 3378 praedictae
746 3300 876 3359 rationes
898 3300 966 3368 siut,
982 3310 1025 3372 ut,
1048 3302 1072 3359 si
1093 3320 1128 3359 ex
1144 3301 1186 3360 eis
1201 3301 1369 3360 eonstiterit

340 3421 408 3462 eum
432 3420 494 3460 esse
511 3400 636 3478 alicujus
656 3419 788 3460 summae
810 3400 976 3460 debitorem
997 3399 1104 3481 Regiae
1119 3401 1273 3478 Mujestati,
1296 3403 1367 3461 solvi
1394 3417 1430 3466 aa

336 3502 505 3579 jubeamus,
520 3510 553 3560 ut
578 3499 809 3574 necessitatibus,
823 3520 898 3578 quae
921 3520 973 3579 per
987 3503 1050 3562 dies
1065 3500 1195 3582 singulos
1211 3502 1368 3581 ingruunt,

219 3635 229 3696 p
239 3635 277 3682 tot.
286 3635 308 3684 8.
341 3604 441 3664 ooauri
465 3604 555 3682 possit
570 3603 606 3662 ad
622 3605 715 3682 regias
738 3605 876 3663 rationes.
897 3599 1015 3684 coniisssi
1037 3613 1200 3683 praeterea,
1223 3603 1302 3679 quod
1327 3613 1369 3674 tu,

340 3707 468 3764 ioannes
484 3703 520 3764 de
537 3707 655 3764 issunca
672 3706 832 3782 primarius
848 3706 983 3783 provisor
1000 3706 1098 3785 regius
1114 3706 1280 3764 triremium
1301 3706 1368 3764 Ris-

342 3810 524 3885 paniearum‚
541 3803 572 3864 in
596 3805 651 3864 hoc
668 3807 787 3884 negotio
801 3808 842 3865 sie
858 3816 886 3865 te
903 3807 941 3866 sis
955 3817 1103 3884 gesturus,
1118 3805 1368 3882 quemadmodum

341 3909 371 3968 iu
386 3908 525 3968 omuibus
540 3908 603 3967 aliis
619 3907 742 3985 negotiis
757 3907 793 3965 ad
809 3908 915 3984 Regiae
932 3905 1091 3985 Majestatis
1107 3907 1262 3967 servitium
1276 3908 1367 3986 perti·
1395 3917 1432 3967 30

340 4009 480 4069 uentibus
495 4020 524 4068 te
538 4008 683 4069 hactenus
699 4026 818 4086 semper
831 4008 957 4086 gesseris
971 4018 1060 4085 atque
1076 4028 1157 4068 vrunc
1170 4009 1258 4088 geris,
1276 4017 1371 4068 statu-
