3134 4926
627 453 749 552 (⁶5)

218 650 344 714 Privatis
354 652 424 714 item
438 653 572 729 personIs
582 652 611 712 iu
624 665 762 732 sumptus

176 755 363 815 diversarum
390 751 608 832 profectionum
641 754 669 812 in
699 775 762 816 uem

177 857 284 934 Regiae
300 853 457 914 Maiestatis
478 865 538 912 tms
555 855 634 914 millu
650 855 765 933 seutia-

176 954 762 1036 gentiquinquagintaquatuoucorunati

134 1072 151 1118 ts
179 1058 299 1136 triginta
314 1067 444 1134 quatuos
458 1055 573 1117 eluiem.
807 1061 886 1124 5754
900 1082 962 1126 aar.
978 1069 1018 1126 bd
1032 1079 1070 1129 st.

220 1158 371 1219 Praefecto
393 1176 549 1217 cursorum
570 1157 678 1218 borum
702 1169 763 1220 sta-

179 1269 264 1320 tuum
279 1259 315 1318 ad
337 1270 475 1337 sumptus
493 1278 649 1320 cursorum
672 1270 702 1320 et
717 1280 764 1323 re·

178 1355 335 1422 cursorum
351 1372 380 1421 et
396 1359 571 1420 nuntiorum
584 1362 613 1420 ln
630 1381 694 1422 rem
711 1365 764 1426 ue·

178 1465 241 1544 giae
269 1462 429 1522 Maiestatis
453 1462 489 1522 ad
518 1460 634 1522 diuersa
662 1463 724 1523 Iucu
750 1483 765 1524 a

122 1577 153 1625 tu
181 1584 187 1623 ι
202 1563 319 1644 augusti
340 1563 411 1624 anui
428 1563 525 1622 LXVII
545 1563 689 1640 usquead
706 1585 763 1626 xvu

178 1665 344 1726 decembris
369 1664 438 1723 anni
467 1665 550 1724 LXXI
575 1665 676 1744 viginti
705 1679 764 1728 trus

181 1766 261 1826 mille
277 1762 402 1825 trecenti
424 1764 618 1843 quadraginta
642 1784 691 1826 εει
714 1785 763 1826 uo-

181 1867 276 1928 runati
303 1866 406 1946 vigimi
436 1885 486 1926 sex
516 1866 621 1926 sluleri
651 1881 764 1945 scutum

182 1969 270 2040 oboli,
282 1969 367 2046 eujus
384 1967 526 2046 pecuniae
541 1969 686 2028 ratIouem
703 1971 768 2031 red·

127 2080 156 2126 ab
182 2069 252 2130 dere
268 2069 410 2148 praelecti
425 2068 556 2146 ejusdem
574 2069 708 2130 interest.
808 2074 907 2136 ustas
927 2095 985 2136 eoa.
1007 2079 1045 2138 26
1068 2090 1102 2139 st.
1125 2083 1142 2140 7
1159 2083 1211 2142 ob.

222 2169 408 2244 Quibusdam
432 2169 576 2230 militibus
599 2189 653 2250 pro
680 2172 769 2232 vexil-

180 2274 215 2334 iis
230 2272 322 2353 captis
333 2271 370 2332 ab
384 2271 518 2332 bostibus
534 2271 653 2334 ducenti
665 2273 766 2336 desem

179 2386 210 2434 et
224 2391 275 2434 εει
291 2374 422 2434 uorunati
434 2373 536 2434 decem
549 2385 577 2434 et
590 2393 640 2436 sex
652 2375 767 2437 stulesi.
811 2379 870 2439 utu
884 2399 936 2441 εει·
961 2385 999 2443 lu
1015 2393 1050 2444 st.

222 2474 383 2535 Praedictis
427 2475 587 2551 inspectori
633 2478 764 2552 generali

125 2586 158 2633 uu
182 2572 391 2653 quaestoribus
420 2583 450 2634 et
480 2575 602 2634 solutori
636 2577 767 2653 ejusdem

180 2676 328 2738 exereitus
351 2695 406 2755 pue
425 2676 526 2736 charta
551 2684 580 2736 et
598 2684 765 2738 atramento

179 2778 217 2838 ad
232 2797 321 2838 usum
337 2779 367 2836 iu
384 2777 446 2838 suis
466 2775 569 2838 albulis
584 2797 600 2836 a
616 2796 654 2840 ιιι
671 2779 770 2842 martii

179 2878 250 2939 anni
281 2879 382 2938 LXVII
419 2878 580 2958 inspectori
608 2897 702 2956 usque
730 2881 765 2940 ad

181 2980 315 3040 ultimam
328 2979 407 3057 junii
428 2977 499 3039 anni
522 2980 611 3040 LXIX
632 2989 768 3057 quaesto·

123 3095 155 3142 us
181 3078 265 3140 ribus
287 3091 316 3139 et
341 3079 465 3140 soluturi
492 3098 586 3157 usque
612 3078 647 3140 ad
674 3079 765 3142 linum

182 3182 251 3240 maii
266 3181 337 3240 anui
361 3180 447 3239 LXXI
466 3178 590 3261 siugulis
613 3200 663 3242 εει
686 3201 766 3244 coru·

181 3283 257 3342 natis
272 3283 303 3342 in
317 3300 451 3342 mensem
465 3300 472 3341 ε
485 3281 564 3346 miIle
579 3283 767 3363 septuaginta

180 3392 247 3442 octo
262 3381 404 3443 coronati,
819 3389 893 3449 1078
912 3408 971 3450 eur.

300 3638 492 3721 Stipendium
508 3643 644 3704 Arctum.

126 3843 157 3892 30
223 3818 328 3880 Saucio
340 3819 377 3880 de
389 3822 471 3880 Avila
484 3822 642 3885 castellano
653 3824 771 3889 citadcl·

182 3920 227 3980 lae
248 3919 481 3999 Autwerpiensis
500 3934 529 3983 et
547 3924 722 3988 officialibus
743 3936 772 3986 et

183 4020 327 4082 militibus
343 4020 438 4099 ipsius
454 4042 508 4102 pao
525 4025 673 4102 stipendio
693 4027 770 4105 eius-
