3118 4908
818 401 832 496 t
854 399 911 474 ts
931 403 944 498 ρ

352 599 389 658 ad
408 598 600 658 Thomasium
622 598 766 671 Hiemem,
788 598 940 676 quinqua·¹
1031 649 1035 654 .

352 701 433 777 ginta
446 699 526 758 mille
539 718 592 775 per
602 699 701 758 literas
717 687 885 777 Hieronymi
899 693 935 759 de
1042 777 1045 786 Δ

351 801 521 860 Salamanoa
542 799 578 859 ad
602 799 791 859 Franciseum
814 799 935 878 Aquila-

351 901 429 960 rium
445 903 562 976 porres,
577 914 696 960 centum
712 902 792 961 mille
808 902 937 979 perlito·

351 1021 399 1060 ras
413 1001 555 1062 Iohannis
569 1003 691 1061 Coriolis
706 1001 811 1061 Thurii
822 1001 858 1060 ad
873 1002 937 1062 Hie-

350 1121 509 1181 ronymum
523 1103 664 1173 Pardum;
683 1114 832 1164 trecentos
846 1104 935 1174 mille,

351 1203 400 1281 qui
423 1215 595 1282 supersunt,
619 1222 672 1281 per
692 1205 793 1264 literas
816 1205 934 1264 Luciani

351 1302 541 1363 centurionis
562 1316 591 1364 et
610 1306 768 1384 Augustini
793 1304 935 1382 Spinulae

351 1406 387 1465 ad
416 1407 632 1484 Hieronymum
665 1408 790 1467 Grillum
822 1415 851 1466 et
883 1409 935 1465 La-

351 1525 453 1566 zarum
500 1506 655 1584 Spinulam
703 1527 805 1567 mense
850 1507 936 1585 aprili

351 1609 476 1668 H.D.LX
492 1610 541 1680 (l).
981 1609 1099 1667 sonato
1115 1625 1174 1665 eor,
1190 1608 1208 1665 6
1224 1619 1260 1666 st.

393 1710 517 1768 Centum
531 1706 590 1767 duo
605 1709 685 1768 mille
696 1709 862 1786 octuaginta
876 1719 935 1767 tres

352 1820 507 1871 coronatos
529 1822 559 1870 et
578 1813 719 1870 tredecim
736 1811 865 1871 stuieros
882 1830 935 1888 pro

351 1913 510 1990 nonaginta
533 1923 561 1972 et
582 1924 648 1972 ooto
669 1913 748 1972 mille
774 1912 931 1980 coronatis,

351 2016 400 2092 qui
416 2013 532 2073 remissi
547 2023 616 2072 sunt
631 2032 666 2072 ex
683 2011 820 2088 Hispania
838 2013 867 2070 in
883 2013 930 2070 Bi-

349 2130 508 2172 sauzonem
524 2122 575 2170 aut
591 2119 762 2190 Augustam,
773 2132 808 2171 ex
820 2112 928 2188 quibus

352 2213 545 2290 quadraginta
564 2223 629 2272 oeto
648 2213 728 2272 mille
746 2214 858 2290 accepit
880 2233 932 2292 per

349 2314 450 2373 literas
462 2314 571 2372 Nicolai
583 2314 723 2373 Grimaldi
736 2324 765 2372 et
781 2314 929 2372 Laurentii

350 2417 500 2494 Spioniae,
516 2416 619 2494 viginti
634 2417 766 2492 quinque
782 2416 860 2474 mille
880 2435 933 2492 per

349 2517 448 2576 literas
463 2516 606 2576 iohannis
621 2517 745 2576 Coriolis
759 2517 874 2601 Thurii,
889 2517 929 2573 vi-

349 2619 423 2697 giuti
439 2619 572 2696 quinque
585 2619 665 2678 mille
680 2636 735 2698 per
757 2619 857 2677 literas
877 2620 933 2677 Be-

349 2709 458 2778 nedicti
472 2718 594 2778 Gentilis
609 2729 638 2778 et
652 2719 804 2778 Barnabae
819 2720 929 2778 Centu-

349 2817 441 2878 rionis
471 2829 499 2878 et
524 2839 578 2896 per
603 2820 799 2899 chirographa
825 2821 933 2896 Regiae

350 2921 515 2982 Maiestatis.
525 2921 560 2979 Ht
571 2923 710 2998 quoniam
723 2921 869 2997 praedicta
883 2939 931 2996 pe·

349 3024 434 3082 cunia
450 3024 600 3099 exportari
616 3043 676 3082 non
693 3033 808 3100 poterat
823 3023 852 3082 in
873 3042 933 3082 eas·

349 3132 393 3182 tra
409 3123 474 3182 sine
495 3123 636 3201 periculo,
652 3142 719 3182 oum
736 3143 833 3201 neque
848 3121 931 3202 'opus

348 3234 425 3284 esset
447 3232 477 3282 et
498 3243 551 3301 per
571 3224 671 3284 literas
693 3224 724 3282 id
746 3225 811 3284 lieri
836 3233 934 3304 posset

348 3345 414 3385 eum
431 3326 557 3385 utilitato
572 3327 713 3401 pecuniae
729 3329 836 3404 regiae,
848 3345 929 3404 prae·

348 3423 443 3484 dietus
468 3425 529 3484 dux
552 3425 683 3486 Albanus
703 3427 802 3505 jussit,
821 3437 854 3485 ut
877 3444 930 3504 per

347 3526 446 3584 literas
467 3525 572 3585 cambii
594 3528 798 3587 remitteretur
820 3529 929 3586 Besan-

347 3645 420 3684 zone
437 3629 649 3705 Antwerpiam
671 3629 698 3688 id
718 3627 797 3706 quod
813 3628 923 3686 laetum

385 3889 423 3945 tlt
448 3890 481 3940 lo
501 3892 601 3960 copiste
621 3909 634 3943 a
657 3894 706 3944 mis
730 3891 799 3941 iseo
819 3908 852 3943 au
874 3891 927 3942 lieu
948 3890 981 3943 de
998 3888 1083 3950 lotz·
1101 3907 1183 3956 voyrz
1198 3893 1373 3947 ei-‹lessousz

346 3984 458 4034 eumdem
472 3987 536 4034 unni
549 3984 623 4038 15⁶7.
1176 3992 1178 3995 ’
