3134 4926
799 427 826 536 x¹(
855 428 944 530 t8,)

355 607 473 687 tophcri
489 611 525 672 de
541 616 735 698 Mondrugun,
748 641 824 712 quac
836 627 867 689 iu
884 629 940 691 hcc

353 709 461 771 adscita
474 723 519 774 est
528 735 577 777 vm
589 720 719 783 octubris
731 726 801 787 anni
811 729 939 814 titvut,

353 810 451 874 iuerat
464 826 563 878 autem
575 821 669 885 soluta
683 826 712 885 in
726 829 826 903 priore
843 851 937 912 usque

350 913 536 978 aurnum*
547 918 627 982 diem
641 934 762 1004 praeter
776 931 858 994 miiie
871 953 939 995 een·

349 1024 418 1076 tum
426 1029 457 1078 ct
465 1022 618 1100 sexaginta
628 1037 695 1086 uctu
703 1027 850 1104 -flurcnus,
862 1053 944 1110 quas

347 1132 501 1196 acceperat
516 1123 545 1183 in
559 1125 726 1190 subsidium
748 1134 783 1190 au
807 1137 938 1200 rationes

347 1217 466 1282 suturae
481 1224 615 1301 mititiam
631 1230 734 1304 altem,
748 1254 825 1312 quac
839 1235 937 1300 suerat

347 1320 460 1382 domini
472 1325 509 1386 de
518 1328 584 1405 Opii
596 1348 632 1390 cx
645 1333 810 1411 regimento
822 1339 935 1402 domiui

346 1422 383 1481 de
406 1425 526 1507 tiierges
548 1430 656 1490 adscita
679 1454 799 1512 quoquc
820 1439 850 1498 in
876 1441 931 1503 huc

347 1523 404 1585 tuit
426 1545 475 1586 vru
498 1531 668 1593 novembris
691 1537 875 1617 insequentis
896 1545 931 1602 ari

345 1646 414 1689 cum
427 1633 609 1709 usquediem
621 1638 716 1699 suiuta
725 1659 733 1713 ;
743 1655 844 1719 postea
856 1645 933 1708 duac

346 1730 400 1790 hae
416 1741 532 1793 turmae
545 1751 726 1814 acceperunt
741 1742 772 1803 in
788 1743 844 1806 huc
858 1749 935 1826 rugi·

347 1843 446 1893 mento
480 1853 533 1895 sua
567 1837 682 1918 integra
717 1844 864 1922 stipcuuiu
896 1851 931 1910 ad

348 1951 495 1996 summam
509 1949 576 1998 octo
593 1940 718 2002 millium
733 1955 761 2005 ct
777 1946 932 2010 duodecim

347 2048 569 2114 coronatorum,
594 2042 645 2119 qui
677 2044 713 2105 ad
746 2047 932 2128 superiorein

347 2154 493 2198 summam
516 2139 607 2201 additi
629 2143 764 2207 efficiunt
784 2151 932 2230 quinqua·

346 2234 427 2315 ginta
442 2251 556 2318 septem
573 2243 652 2303 miiic
667 2257 787 2308 centum
803 2264 932 2328 quatuor
1036 2322 1038 2326 ,

345 2337 441 2399 decim
477 2355 631 2405 coronatos
668 2347 769 2409 decem
802 2363 831 2412 et
864 2368 930 2414 octo
1065 2415 1066 2420 ,

345 2439 481 2500 stufercs.
972 2459 1254 2526 57iitcondtist.
1303 2511 1304 2515 ,
1342 2511 1347 2517 -

386 2541 594 2619 Regimeutum
617 2547 730 2609 domini
748 2551 785 2612 de
809 2554 930 2634 ttiergrs

345 2640 450 2702 habuit
468 2643 570 2706 dcccm
593 2657 716 2724 turmas,
732 2673 798 2714 cum
820 2655 929 2733 quihus

344 2743 454 2818 incepit
469 2764 583 2808 merere
595 2769 634 2810 ιιι
648 2753 704 2811 mai
715 2755 786 2814 arturi
802 2758 926 2831 exunt,

345 2845 519 2908 amandatae
534 2849 658 2910 suerunt
670 2863 698 2911 ut
711 2861 867 2919 coruuclus
880 2879 927 2919 ex·

344 2955 514 3008 auctoratus
540 2969 598 3012 xxv
625 2954 722 3014 martii
745 2959 815 3017 arcui
839 2961 929 3033 LXX3

237 3081 238 3084 =
344 3047 408 3118 aliu,
441 3066 517 3125 quac
553 3065 596 3111 cst
631 3053 744 3115 domini
779 3058 816 3117 tic
839 3061 927 3137 opii,

207 3159 268 3221 μοι.
282 3162 319 3214 uo.
344 3143 494 3221 ascitasscst
510 3151 566 3211 sub
588 3151 679 3214 ductu
701 3155 771 3217 dicti
791 3160 926 3242 (iasparis

344 3249 381 3309 dc
402 3252 509 3312 Robies
529 3255 625 3314 soluta
641 3258 685 3336 (ut
701 3257 880 3322 dictumest
898 3265 926 3325 iu

343 3351 530 3431 praecedenti
556 3361 684 3432 summa)
711 3366 865 3438 usquead
889 3385 926 3426 ru

319 3454 555 3514 'novtxvut
819 3451 820 3454 ¹
923 3449 925 3454 ¹

384 3555 503 3615 Summa
539 3559 636 3618 uutuis
670 3559 734 3637 ejus
774 3568 926 3642 pecuniae,

343 3674 430 3733 quam
461 3657 516 3718 hoc
544 3660 743 3740 tegimentum
769 3672 882 3746 accepit
911 3691 926 3730 a

341 3757 493 3836 praedicto
513 3761 653 3834 solutore,
674 3778 717 3825 cst
736 3771 922 3849 septuaginta

342 3875 434 3916 unum
465 3860 544 3920 mille
572 3874 693 3924 centum
718 3876 748 3926 et
773 3871 923 3948 sexaginta

342 3977 448 4019 novem
461 3963 592 4022 coronati
604 3964 800 4028 decrmetsex
809 3967 926 4032 stuieri.
1016 4001 1017 4004 ¹

340 4061 398 4120 Nec
424 4074 520 4122 tamen
546 4064 593 4124 hic
613 4067 757 4130 scribitur
778 4070 819 4146 id,
843 4072 923 4149 quud
