3134 4926
618 412 747 548 (uu,

176 672 263 714 suum
285 652 392 713 borum
412 663 543 712 statuum
561 654 624 714 loco
646 660 761 713 vetera·
795 657 797 661 ’
828 655 835 738 ᾗ
1041 634 1054 660 ¹¹
1083 633 1148 662 “³

176 753 359 832 norum,qui
373 774 409 815 cx
424 755 481 814 illis
494 755 647 834 praesidiis
665 755 762 815 mitte·
866 751 869 758 ’
903 737 931 757 ”
980 753 982 761 ’
1110 748 1112 761 ¹
1166 747 1170 762 '

176 858 288 918 bantur
322 856 353 916 in
389 867 493 930 castra,
515 857 552 916 dc
583 851 691 934 quibus
725 857 755 918 in

130 1021 150 1068 tt
177 959 365 1038 praecedenti
391 977 506 1018 somma
531 959 642 1019 dictum
672 961 763 1022 cst.1i

131 1065 133 1070 ’
175 1061 352 1137 inceperunt
372 1077 487 1119 merere
507 1069 595 1138 atque
610 1061 759 1121 arnandati

176 1171 248 1222 sunt
272 1159 397 1220 diversis
422 1163 618 1240 temporibus,
640 1183 758 1242 accepe-

177 1273 246 1322 runt
271 1279 342 1320 vero
365 1281 433 1321 cum
458 1261 709 1342 gubernatoribus
731 1276 761 1323 et

177 1363 338 1442 capitaneis
359 1362 395 1421 ad
421 1365 551 1424 rationes
575 1364 621 1425 sui
647 1367 761 1445 stipen-

178 1463 219 1524 dii
239 1465 389 1544 sexaginta
409 1485 459 1525 sex
482 1465 561 1526 mille
585 1467 763 1546 quingentos

179 1566 328 1644 sexaginta
341 1565 416 1625 duos
427 1580 583 1628 coronatos
593 1579 620 1627 et
634 1578 763 1645 quatuor

179 1666 318 1738 stuicros,
340 1685 376 1725 ex
401 1665 447 1725 his
472 1665 572 1728 decem
599 1680 628 1729 et
649 1681 763 1746 septem

181 1769 260 1829 mille
288 1776 441 1828 sexcentos
473 1768 667 1849 quadraginta
702 1783 767 1830 octo

179 1881 335 1930 coronatos
347 1869 449 1949 viginti
464 1881 577 1949 septem
591 1872 719 1932 stuieros
732 1873 761 1930 in
780 1870 782 1873 ’

182 1991 280 2052 panno
308 1972 386 2050 apud
421 1981 608 2046 mercatores,
636 1973 764 2052 quadra-

123 2046 153 2093 45
178 2075 260 2155 ginta
279 2091 351 2133 vero
371 2084 437 2133 octo
454 2074 533 2133 miiie
553 2085 720 2152 nongentos
736 2086 765 2134 et

180 2176 308 2238 sedecim
337 2185 493 2236 coronatos
521 2184 551 2236 et
579 2177 680 2236 decem
714 2196 763 2236 sex

180 2278 320 2350 stateras,
340 2278 390 2355 qui
413 2288 585 2355 supersunt,
601 2279 639 2338 ab
661 2277 765 2338 eodem

180 2380 321 2451 solutore,
333 2389 361 2439 et
371 2378 513 2456 quoniam
524 2380 647 2459 reliquis
660 2399 694 2440 ex
707 2377 765 2440 illis

181 2501 240 2543 non
253 2481 311 2541 init
324 2501 360 2541 cx
373 2482 489 2558 integro
501 2481 630 2542 sobitum
643 2491 673 2542 et
683 2481 765 2543 debi-

181 2594 279 2644 torum
291 2592 362 2642 sunt
372 2582 507 2642 diversae
522 2602 656 2643 summae
668 2603 765 2661 neque

180 2685 277 2746 adbuc
318 2684 441 2744 omnino
476 2694 624 2760 constant,
657 2685 763 2744 referri

180 2787 331 2868 speciatim
347 2786 395 2847 hic
411 2806 469 2847 non
486 2788 590 2866 potuit.
807 2787 907 2846 teuit
923 2804 981 2844 ror.
1001 2787 1037 2842 tu
1054 2795 1088 2842 st.
1110 2783 1151 2862 (t)

121 1536 153 1582 to

123 2548 154 2594 90

180 2985 369 3065 Stipendium
395 2990 530 3067 equitum
555 2985 762 3065 Hispanorum

221 3085 370 3148 italorum
382 3098 408 3149 ct
418 3084 630 3149 Aibaocmeium
645 3083 765 3146 leuioris

126 3152 156 3200 ἦ
222 3197 403 3251 armaturae.

222 3354 330 3412 Decem
343 3362 373 3412 et
384 3369 490 3411 novem
505 3358 618 3411 turmae
630 3346 764 3426 equitum

87 3453 89 3456 ’
182 3453 301 3514 levioris
315 3464 483 3512 armaturae
499 3451 698 3528 Hispanorum
711 3449 764 3506 ita·

182 3557 279 3616 lorum
295 3565 325 3615 et
338 3551 550 3614 Albancnsium
566 3570 633 3611 cum
650 3569 682 3609 ea
694 3549 766 3610 scio-

219 3821 261 3894 (i)
281 3823 318 3875 be
337 3821 438 3890 copiste
457 3836 472 3872 a
492 3819 604 3872 commis
617 3819 649 3871 ici
662 3818 733 3869 dcun
745 3817 842 3898 iactes.
857 3817 877 3869 ΙΙ
891 3833 906 3870 a
921 3817 971 3880 mis
989 3839 999 3864 c
1017 3817 1126 3870 sedecim
1140 3835 1212 3871 coro·

127 3913 158 3960 ³⁰
182 3920 266 3973 uoti·
295 3932 330 3971 eu
351 3916 405 3969 iieu
419 3915 452 3968 dc
481 3938 493 3962 ι
511 3915 632 3968 tredecim
645 3916 764 3966 coronati
779 3935 804 3966 a.
825 3903 863 3966 En
883 3919 962 3986 outre
974 3913 991 3964 it
1008 3909 1064 3966 faut
1078 3914 1128 3966 ttae
1143 3930 1212 3984 pour

183 4017 208 4068 ia
221 4028 323 4068 somme
335 4011 503 4081 marpnctc:
520 4007 626 4074 48,Μὸ
635 4025 721 4060 coroa.
737 4005 772 4058 tu
787 4009 852 4076 tius.
870 4003 872 4008 ’
