3144 4920
803 433 818 535 (
850 435 918 507 rto
940 444 955 527 ,)

399 623 516 698 Relatio
533 637 679 718 pecariiae
693 645 827 713 acceptae
841 643 867 692 et
882 635 945 698 ‹tis-

357 736 485 799 tribatae
516 742 548 796 in
583 734 764 809 rationibus,
800 754 875 817 arras
910 754 946 796 ec

356 840 463 901 ordine
488 836 694 900 illustrissimi
714 846 740 896 et
763 835 945 898 excellentis·

356 942 429 1002 simi
442 941 556 1002 domiai
575 938 721 1002 Latiooici
735 938 770 1000 tle
786 943 946 1020 Ileqacseae

358 1041 607 1102 Commemiatorio
621 1041 749 1100 Maioris
765 1041 907 1102 Castitiae
918 1052 944 1101 et

356 1143 529 1204 consiliarii
543 1153 640 1203 statos
654 1142 764 1223 Rcyioe
777 1146 945 1204 Maiestatis

357 1243 698 1326 ejasqaeaairerrmtoris
708 1254 733 1304 et
743 1247 836 1304 tecam
850 1253 947 1306 traca·

358 1346 439 1406 ticet
459 1345 544 1406 dacis
563 1342 713 1424 asaei-ata
736 1345 768 1403 irc
791 1343 838 1405 iris
860 1348 945 1406 stati·

355 1449 409 1507 bas
427 1444 616 1507 ttaatericis
632 1446 773 1526 accepite
787 1449 945 1508 Francisco

356 1545 496 1607 Lt'xaldia
531 1545 661 1608 solatore
696 1547 760 1626 ejas
795 1545 942 1608 exercitas

355 1660 497 1731 quarestor
525 1650 655 1710 laerones
685 1649 887 1710 Naoarretias
923 1671 941 1708 a

356 1769 424 1810 xxm
440 1749 606 1812 rraccmbris
622 1752 698 1810 arreti
712 1751 864 1814 LXXIH.
882 1771 942 1834 qao

356 1856 464 1932 accepit
488 1851 671 1934 praeliatum
696 1853 938 1933 yatreraatiaaem

356 1973 451 2032 asqrre
486 1953 525 2013 acl
559 1953 651 2035 limem
688 1952 841 2032 sataaarri
869 1956 945 2015 astrei

357 2055 468 2114 LXXV
492 2075 548 2132 per
572 2055 691 2116 rrrodam
720 2055 940 2115 aestimationis

353 2158 444 2238 (quae
479 2155 586 2217 relatio
621 2158 804 2218 transmissa
837 2169 879 2219 cst
910 2164 940 2219 in

356 2257 538 2338 Hispaniam
559 2260 597 2317 ati
613 2261 734 2337 Roaiam
754 2261 938 2320 Maiestatem

354 2357 522 2434 subscripta
543 2379 636 2420 racem
656 2360 787 2439 ejusdem
805 2375 940 2442 quaesto-

354 2464 398 2521 tis
415 2462 601 2539 Naoorrctii)
614 2471 640 2522 et
651 2471 753 2540 postea
777 2483 796 2521 a
816 2482 823 2522 r
840 2465 943 2524 arortii

353 2563 431 2622 antri
451 2565 538 2624 LXX
547 2565 570 2622 V
586 2584 639 2644 por
658 2567 780 2623 earrdcm
802 2573 939 2646 quaesto·

353 2684 415 2726 rem
428 2677 453 2724 ct
466 2677 647 2746 quaestorem
661 2663 845 2746 Alpltoasam
862 2667 941 2726 atta·

352 2768 482 2828 oratiam
509 2787 602 2847 arsque
629 2788 647 2826 a
681 2787 698 2823 v
728 2766 836 2827 martii
866 2770 940 2828 aerei

354 2870 445 2929 LXX
451 2870 499 2942 Vt,
517 2889 575 2949 qao
593 2867 717 2929 excessit
739 2870 830 2928 coita
852 2888 940 2948 prac-

352 2971 451 3030 dictus
463 2969 602 3028 derrra'aas
615 2968 850 3030 Caoertsendatcr.
866 2974 941 3030 Cort-

354 3072 466 3130 tinctar
476 3083 630 3150 praetcrea
646 3071 678 3130 ia
692 3068 740 3130 iris
755 3071 938 3147 ratiaailms,

354 3171 502 3254 quicquid
521 3181 588 3253 post
611 3169 695 3232 illias
719 3171 826 3232 obitam
847 3193 940 3249 peca-

354 3273 423 3333 niae
439 3272 583 3334 traditam
604 3273 749 3334 osiridem
765 3272 896 3335 solatori
913 3285 938 3334 ct

352 3394 408 3454 per
425 3373 546 3435 eandem
565 3375 761 3435 distributam
781 3395 816 3434 ex
834 3375 940 3436 ordirm

353 3487 379 3537 et
392 3474 488 3536 literis
502 3473 660 3536 solatoriis
671 3474 860 3536 latomorum
873 3496 941 3537 cart-

352 3577 543 3638 siliarioram
572 3587 666 3639 statos
687 3579 782 3656 jacta
810 3578 940 3639 ordinem

354 3680 461 3757 Rcyiae
480 3678 648 3738 Maiestatis
669 3697 765 3760 usqae
788 3681 827 3738 art
847 3679 938 3758 litatem

345 3778 425 3858 julii
466 3780 647 3861 insequentis
693 3777 820 3859 ejusdem
866 3779 940 3838 artai
1006 3841 1011 3852 ,

354 3880 444 3941 LXX
449 3879 496 3943 Vt.
