3144 4920
612 463 765 562 (ras)

201 662 309 723 lacobo
324 662 487 723 llortriolio
502 663 683 742 seplasiario.
787 665 846 723 507
860 683 921 723 cor.
933 667 972 724 ⁶27
988 676 1021 723 st.

201 767 291 824 Petro
305 763 482 823 Villalainio.
783 768 803 825 1
816 784 877 825 cor.

201 866 357 926 Francisco
372 867 473 944 Regio.
787 871 825 927 25
841 886 902 927 cor.

202 968 322 1028 Garciae
336 967 476 1027 bidanae.
788 970 847 1028 ⁹228
862 987 924 1029 cor.

122 1082 139 1130 o
201 1069 449 1130 JoanniFlautio.
789 1071 846 1128 197
862 1088 922 1128 cor.

196 1171 303 1229 loanni
319 1167 505 1228 Ferdinando
520 1169 701 1228 Navarretio.
777 1172 837 1229 too
852 1188 912 1229 cor.

204 1271 357 1332 Francisco
388 1271 572 1331 Bernardino
606 1270 747 1330 Caccenio

161 1390 215 1448 pro
242 1372 334 1431 armis
354 1370 390 1430 ab
410 1371 572 1448 coemptis
600 1370 744 1430 militibus

162 1472 307 1551 llispanis.
785 1473 840 1530 051
860 1490 920 1535 cor.

106 1588 138 1637 to
201 1573 307 1633 loanni
321 1573 439 1633 Peresio
456 1571 596 1632 Lixaldio.
785 1574 845 1632 l90
860 1591 922 1634 cor.

204 1674 330 1732 Domino
366 1671 524 1732 Guilielmo
551 1671 654 1731 Sancti
683 1672 749 1732 Cle-

162 1775 279 1834 mentis.
792 1775 851 1833 100
866 1791 926 1833 cor.

202 1875 366 1935 Secretario
382 1874 513 1952 lopesio.
794 1876 853 1933 loo
868 1893 928 1933 cor.

203 1975 417 2049 Quaestoribus
432 1984 461 2033 ct
475 1974 600 2034 solutori
616 1992 670 2051 pro
692 1973 746 2032 sti·

107 2093 139 2143 rc
163 2078 272 2157 pendio
304 2077 445 2136 trimestri
475 2094 568 2151 nsque
596 2075 632 2133 ad
660 2073 749 2134 linem

161 2177 339 2257 septembris
354 2177 425 2236 anni
441 2177 564 2236 LXXVI.
787 2178 845 2237 729
861 2195 920 2238 cor.

205 2279 356 2359 Alpbonso
372 2276 523 2337 Carnerio.
789 2277 904 2352 50001,
967 2278 970 2284 ’

202 2382 356 2440 Francisco
395 2377 507 2438 Ortizio
550 2377 748 2456 tympanistae

161 2482 302 2562 generali.
791 2482 830 2540 50
845 2499 906 2542 cor.

107 2593 138 2645 10
203 2581 405 2660 Evangelistae
420 2579 457 2638 de
472 2578 579 2638 Coivis.
795 2583 915 2642 locor.

202 2684 342 2742 llicbaelo
357 2680 489 2740 Roserio.
786 2683 846 2741 005
861 2700 923 2744 cor.
938 2683 953 2739 l
972 2680 1003 2754 ’1,
1017 2693 1055 2741 st.

200 2783 441 2846 Testamentariis
456 2781 593 2860 Gregorii
613 2783 748 2859 Aragutii

163 2888 306 2946 defuncti.
792 2884 851 2943 178
866 2902 927 2944 cor.

201 2991 258 3048 Pro
273 2984 465 3046 interessibus
485 2983 589 3062 viginti
612 2985 748 3061 quinque

107 3101 137 3150 tt
161 3091 287 3150 millium
314 3097 524 3146 coronatorum
553 3106 568 3144 a
598 3105 617 3144 v
648 3086 746 3145 mailli

159 3195 231 3252 antri
258 3190 384 3263 LXXVI,
407 3206 466 3265 qno
489 3187 563 3246 obiit
588 3188 747 3247 Commen-

159 3294 246 3353 dator
265 3293 357 3369 lllajor
379 3289 529 3365 Castaliae,
552 3289 706 3366 usquead
729 3308 746 3349 v

155 3393 333 3472 septembris
362 3389 496 3469 ejusdem
532 3391 612 3463 anni,
650 3408 743 3449 unum
807 3425 810 3431 -

159 3515 213 3575 pro
227 3504 347 3554 centnm
362 3493 393 3552 in
409 3509 553 3551 mensem.
791 3492 870 3552 1500
887 3509 952 3551 cor.

79 3608 80 3612 ’
107 3609 137 3661 oo
199 3597 325 3656 Summa
349 3593 443 3670 ipitur
471 3591 572 3652 totalis
599 3597 744 3674 pecuniae

158 3698 336 3759 distributae
351 3703 378 3754 et
391 3697 503 3754 solatae
517 3691 745 3771 persolutorem

158 3796 332 3862 Lixaldium
342 3816 377 3855 ex
388 3793 493 3855 ordine
502 3805 528 3854 et
538 3795 647 3856 litteris
664 3793 744 3856 aolu-

155 3900 242 3960 toriie
276 3898 465 3958 dominorum
495 3894 744 3957 consiliariorum

154 4011 249 4066 statuo
270 4000 381 4080 Repiae
403 3998 573 4058 Maiestatis
592 4011 658 4078 post
680 3999 744 4059 obi·

155 4117 217 4166 tom
230 4101 487 4165 commendatoria
498 4118 593 4182 usque
605 4099 646 4160 ad
655 4098 749 4181 finem
