3118 4908
806 403 934 500 (o)

349 609 515 690 Hispanieis
531 619 559 667 et
575 616 695 666 centum
711 603 836 664 sedecim
850 603 931 662 mitlc

348 713 495 774 coronatis
509 708 607 769 aurcis
623 709 653 767 in
669 725 751 776 auro,
768 723 856 783 quam
876 723 928 782 pc-

348 815 466 875 cuniam
487 811 566 888 apud
582 829 613 868 sc
634 806 760 866 habebat
779 808 809 865 in
829 824 931 864 numc·

350 926 413 975 rato
430 912 596 991 praedictus
611 917 760 985 quaestor,
774 924 834 983 quo
852 915 927 964 tern-

350 1035 421 1094 pore
450 1015 508 1072 dux
538 1011 669 1070 Albanus
699 1009 852 1086 ingressus
884 1018 929 1066 cst

332 1119 378 1182 ,iu
390 1115 444 1174 hos
456 1126 558 1186 status,
569 1111 653 1170 cuius
664 1109 753 1169 etiam
765 1107 849 1184 jussu
865 1126 929 1165 cam

348 1214 515 1296 deportavit
530 1211 732 1288 Autwerpiam
748 1217 931 1266 commutan-

348 1320 415 1378 dam
430 1317 466 1376 ad
483 1315 640 1376 utilitatem
656 1313 685 1371 in
701 1311 771 1370 alias
787 1321 929 1384 monetas,

347 1439 423 1498 quac
439 1421 468 1477 in
485 1437 539 1477 usu
556 1424 662 1488 essent,
678 1413 708 1473 id
723 1413 800 1489 quod
820 1412 929 1470 iactum

348 1533 392 1580 est
416 1538 486 1578 cum
515 1517 662 1576 Thomaso
687 1515 788 1573 Ficseo
818 1531 932 1571 merca·

349 1635 425 1690 tore;
438 1618 570 1698 argentei
582 1628 694 1693 septem
706 1613 932 1694 grossissinguti

348 1735 376 1782 et
390 1739 494 1780 novcm
507 1717 672 1796 quadrante
684 1715 782 1773 minus
795 1710 929 1772 utilitatis

349 1827 379 1884 in
394 1821 540 1893 centenis3
562 1817 694 1878 coronati
710 1827 807 1875 autern
824 1814 926 1892 viginti

348 1927 428 1986 milio
452 1922 645 2001 quadraginta
673 1937 733 1977 uno
757 1917 878 1976 stuscris
903 1925 932 1974 et

348 2027 469 2086 semisse
480 2020 766 2100 singuii‚nonaginta
779 2037 828 2078 sex
841 2015 932 2088 tuille,

348 2131 398 2206 qui
426 2137 618 2206 supererant,
645 2121 842 2201 quadraginta
872 2138 931 2178 uno

348 2229 477 2290 stuieris.
495 2228 534 2285 ita
550 2227 629 2284 enim
647 2220 794 2301 praedicta
810 2219 930 2279 habent.
973 2223 1051 2277 tout
1068 2237 1125 2276 cor.
1144 2219 1180 2275 δι)
1197 2225 1233 2274 st.

387 2331 492 2388 Decem
521 2337 550 2385 ct
576 2342 681 2383 novem
712 2323 790 2381 mille
820 2321 930 2397 scutin-

346 2442 449 2511 gcntos
464 2427 657 2506 quadraginta
670 2443 720 2483 sex
733 2433 888 2482 coronatos
901 2430 931 2480 ct

347 2553 395 2592 scx
412 2529 541 2590 stuieros
557 2544 610 2604 pro
622 2524 725 2604 viginti
744 2541 835 2581 unuin
849 2521 929 2581 miilc

346 2647 375 2693 ct
389 2631 506 2690 duobus
527 2625 674 2687 coronatis
697 2635 815 2682 centuni
833 2634 862 2680 ct
878 2622 930 2680 de·
1019 2657 1021 2663 ,

345 2753 408 2794 cem
424 2731 585 2791 solidorum
598 2730 628 2786 in
645 2726 776 2804 singulos
792 2736 927 2782 monetae

346 2831 571 2893 Mediolanensis
600 2840 630 2888 ct
656 2827 752 2887 adhuc
780 2827 926 2903 octoginta

345 2945 458 3013 septem
474 2929 591 3001 soiidos,
607 2947 694 3005 quain
713 2926 865 3004 pecuniam
881 2945 937 3020 ac·U

346 3036 424 3114 cupit
458 3053 497 3092 nu
526 3043 554 3089 ot
582 3048 642 3088 xuu
673 3028 751 3104 junii
786 3027 927 3102 praedicti

345 3135 415 3194 anui
437 3133 624 3202 ttutxvu,
644 3129 783 3189 tredecim
800 3129 880 3186 mitte
900 3136 929 3186 ct

344 3235 494 3314 sexaginta
520 3251 569 3291 sex
592 3239 748 3289 coronatos
774 3241 803 3287 ct
828 3237 927 3288 octua-

345 3337 425 3415 ginta
451 3346 511 3392 tres
536 3329 645 3390 solidos
670 3331 699 3388 in
726 3328 871 3388 Feliciano
893 3348 929 3388 cx

345 3436 450 3496 aerarii
467 3432 635 3512 praeposito
651 3431 768 3489 Nicoiao
783 3429 845 3498 uid,
857 3449 927 3505 qua-

346 3553 414 3597 tuor
438 3536 518 3593 mitto
546 3533 728 3610 octingentas
758 3532 924 3608 octuaginta

344 3650 409 3697 octo
425 3645 580 3694 coronatos
602 3645 631 3691 ct
646 3633 837 3709 quadraginta
857 3631 927 3689 soii-

344 3742 397 3799 dos
422 3741 451 3798 in
480 3739 574 3817 Leone
600 3735 688 3794 Sunio
714 3755 749 3793 cx
774 3733 925 3809 Stephano

343 3841 439 3900 lbario
471 3838 679 3897 alimentorum
713 3835 924 3908 commissario,

344 3957 401 4000 tres
416 3938 702 4017 undequadraginta
717 3949 829 4014 septem
842 3954 923 3994 coro·
