3144 4920
628 445 783 544 (isc)

220 647 261 705 Ex
278 646 441 706 rationibus
461 656 490 704 et
510 644 714 704 aestimatione
729 645 766 704 ab

175 747 762 826 coacceptaperprovisoromlssuntium

175 867 211 907 ex
233 848 339 908 ordine
365 849 453 906 Ducis
478 846 584 905 Aibani
608 845 759 924 usquead

174 947 265 1008 {inem
313 948 514 1033 anntpuxitt
562 946 762 1025 deprehendit

129 1051 293 1128 ttRegiam
356 1050 538 1109 Maiestatem
593 1049 759 1109 debitorem

172 1151 285 1229 liquido
300 1171 308 1211 ε
806 1153 906 1213 45052
921 1172 982 1214 cor.

214 1253 254 1309 Ex
267 1250 446 1323 rationibus,
461 1235 534 1327 quas
546 1251 610 1329 ipse
622 1269 761 1330 praescu-

172 1353 245 1411 tavit
270 1353 366 1411 eidem
393 1352 538 1429 provisori
567 1353 695 1412 lssuntio
724 1371 760 1412 ex

172 1453 278 1512 ordine
292 1451 549 1512 Commendatoris
560 1454 678 1531 Majoris
689 1454 759 1514 Cas·

115 1563 146 1613 to
173 1552 262 1615 tilliae
277 1553 423 1632 usquead
439 1553 615 1614 boemanni
631 1555 759 1629 LXXIII,

172 1674 231 1733 quo
247 1657 347 1716 relicta
362 1655 579 1734 gubernatione
591 1657 659 1714 Dux
670 1657 759 1716 Alba·

171 1775 226 1816 nus
242 1754 330 1815 rediit
344 1755 375 1814 in
392 1755 582 1834 Hispaniam:
799 1759 898 1818 untes
913 1777 973 1818 eor.

211 1859 253 1915 Ex
269 1856 432 1916 rationibus
448 1856 591 1935 temporis
605 1856 757 1935 guberna-

171 1959 243 2018 toris
254 1957 386 2034 ejusdem
398 1956 654 2016 Commendatoris
665 1975 760 2034 usque

115 2069 144 2117 tt
170 2058 239 2119 adv
255 2058 354 2117 martii
369 2060 440 2117 anni
456 2058 654 2135 LXXV1,qu0
671 2058 755 2135 obiit,

169 2171 200 2220 et
220 2171 321 2236 postea
343 2177 438 2235 usque
463 2160 499 2218 ad
525 2158 617 2219 finem
639 2159 756 2236 augusti

168 2262 344 2339 sequentis:
797 2267 893 2325 41461
913 2285 973 2326 cor.

207 2364 328 2422 Summa
336 2381 406 2440 ergo
415 2362 513 2424 totalis
525 2363 588 2442 ejus
601 2365 755 2441 pecuniae,

2 2440 7 2503 Ῐ
167 2464 755 2544 eujusdebitoremdeprehenditliegiom

2 2511 8 2609 b
111 2580 141 2630 so
167 2566 346 2625 Maiestatem
362 2566 509 2625 Lixaldius
524 2568 648 2640 solutor,
663 2580 731 2627 est:
801 2569 1060 2650 iih9d9eor.(t).

159 2762 162 2769 ’
230 2763 363 2825 Pecunia
391 2763 489 2825 adbuc
517 2775 634 2846 acceptu
664 2789 682 2826 a

196 2863 327 2926 solutore
355 2863 498 2926 Liaealdio
526 2887 592 2927 cum
621 2867 721 2948 ipsius

342 2963 563 3028 distributione.

202 3137 298 3197 Debet
325 3138 423 3197 adhuc
451 3140 566 3199 solutor
600 3139 747 3199 Lixaidios

106 3244 136 3295 M
160 3239 287 3299 ducenta
322 3241 412 3299 millia
447 3253 656 3301 coronatorum
696 3262 746 3302 sex

159 3340 333 3412 solidorum,
369 3361 443 3418 quos
479 3344 568 3422 Regia
611 3345 744 3403 Maiestas

159 3460 214 3520 per
239 3443 353 3520 regium
382 3443 613 3523 chirographum
643 3445 744 3504 datum

159 3544 187 3600 S2
201 3542 349 3602 Laurentii
362 3543 399 3601 ab
413 3544 554 3604 Eseuriaii
565 3566 615 3604 vur
628 3547 745 3623 augusti

158 3643 228 3702 noni
250 3645 422 3704 MDLXXVI
437 3646 472 3703 ad
490 3648 651 3706 Antonium
672 3649 731 3706 Fuo

166 3849 1193 3882 Ἢ

198 3986 235 4054 (i)
256 3991 276 4043 li
292 3990 348 4044 taut
361 3991 409 4043 lire
425 3987 539 4053 112‚929
550 4009 649 4054 eoron.,·
663 4007 748 4059 voyez
762 3993 808 4046 iol.
822 3993 848 4047 d.
