3134 4926
644 493 773 593 (85)

227 694 283 752 Pro
299 691 403 770 figuris
419 693 547 771 Reginae
558 692 693 752 dominae
708 713 773 752 rans-

188 807 249 854 trae
272 795 449 854 transmissis
470 794 506 853 ad
529 795 647 873 Regiam
672 779 774 852 itaies-

190 907 278 955 tatem
300 915 389 955 aurea
408 896 498 956 attera
523 906 661 976 argentea
683 899 773 955 attera

191 997 293 1078 viginti
324 998 384 1058 duo
412 999 544 1058 coronati
577 998 679 1077 viginti
711 998 771 1057 duo

137 1120 161 1165 ·5
188 1099 305 1159 stuieei.
816 1105 855 1162 w
871 1122 929 1164 cor.
947 1107 985 1164 9⁶2
999 1116 1035 1165 st.

230 1201 368 1260 Effieiunt
384 1200 520 1259 universa
535 1201 623 1259 simut
640 1201 773 1278 pmedie-
797 1274 800 1279 Ι

190 1311 235 1362 tos
256 1314 371 1382 septem
392 1303 471 1361 mitte
489 1302 692 1381 septingentos
719 1305 772 1362 tri·

189 1405 269 1483 ginta
285 1423 336 1463 sex
351 1413 507 1464 coronatos
523 1422 630 1464 novem
646 1403 775 1464 stuseros

191 1525 240 1564 sex
256 1504 367 1565 obolos.
818 1509 898 1570 7756
914 1530 973 1572 eor.
990 1516 1007 1572 9
1024 1526 1058 1574 st.
1074 1519 1093 1577 (t
1108 1518 1155 1578 ob.
1167 1521 1221 1595 (t).

134 1621 164 1668 to
232 1609 289 1668 Pro
324 1607 440 1666 duabus
476 1607 606 1666 millibus
640 1609 776 1668 ducentis

193 1709 291 1787 parvis
306 1707 477 1768 bombardis
488 1707 525 1766 a'd
541 1708 660 1786 Regiam
677 1708 777 1768 litaies·

193 1819 282 1868 tatem
298 1810 327 1868 in
345 1810 513 1887 Hispaniam
530 1808 627 1869 missis
641 1823 778 1870 constan-

193 1911 272 1969 tibus
287 1911 436 1988 sexaginta
453 1929 502 1969 sex
518 1910 640 1970 stuseris
652 1913 775 1989 singulis

193 2011 777 2071 eumsuisinstrumentisetornamentis

134 2126 165 2172 ts
194 2113 365 2172 necessariis
387 2111 507 2171 inclusis
528 2126 677 2188 praeterea
704 2132 777 2189 qua-

194 2214 359 2293 dringentis
383 2215 530 2273 coronatis
551 2214 627 2272 datis
653 2215 778 2275 Martiae

194 2317 230 2375 de
245 2318 424 2395 Eginguren‚
444 2317 490 2375 eui
512 2317 685 2376 commissae
700 2329 778 2387 sum,

192 2418 229 2477 ad
245 2418 425 2478 necessarios
440 2427 577 2496 sumptus
597 2425 655 2476 tam
677 2437 778 2477 earum

192 2519 435 2598 comportationis
454 2537 542 2596 quam
564 2519 694 2598 ptrlveris
718 2530 779 2578 tor-

135 2632 165 2680 uo
195 2621 332 2682 meutarii
366 2630 394 2680 et
425 2619 462 2679 ad
496 2621 679 2696 stipendium
708 2639 779 2678 suae

195 2740 338 2801 personae
373 2733 501 2798 quatuor
540 2723 619 2780 mitte
659 2733 779 2780 eentum

192 2823 297 2903 viginti
313 2834 372 2882 tres
387 2823 519 2882 coronati
535 2834 595 2882 tres
611 2822 727 2882 stuieri.
814 2823 893 2882 atro
905 2843 969 2886 eor.
984 2829 1003 2886 5
1018 2839 1055 2887 st.

236 2926 292 2983 Pro
307 2926 443 3002 expensis
458 2911 645 2983 deductionis
660 2925 780 2983 Comitis

196 3027 374 3086 Burensisin
384 3027 551 3105 Hispaniam
566 3036 594 3085 et
605 3027 778 3102 eoruna‚qui

137 3145 166 3193 25
194 3130 317 3188 suerunt
332 3130 361 3188 in
378 3127 470 3207 ipsius
485 3129 636 3198 comitatu,
653 3128 731 3186 unitio
746 3139 774 3186 et

194 3231 374 3309 septingenti
392 3231 534 3302 eoronati,
550 3230 686 3288 videlieet
701 3229 780 3288 mitte

195 3331 478 3392 commissinntonio
489 3329 525 3389 de
541 3331 653 3388 Laraad
663 3331 779 3390 easdem

196 3451 341 3510 expensas
360 3451 414 3510 per
432 3431 627 3509 chirographa
650 3432 727 3491 Petri
744 3432 780 3491 de

196 3533 317 3609 Toiedo‚
348 3534 393 3592 eui
419 3533 592 3592 commissus
618 3532 674 3592 suit
699 3551 781 3610 peae-

139 3649 168 3696 30
197 3632 292 3694 dietus
312 3653 420 3708 eomes,
440 3645 469 3692 et
494 3634 673 3712 septingenti
699 3635 780 3712 eapi-

197 3747 282 3796 taueo
310 3736 389 3814 Lupo
415 3734 451 3794 de
476 3736 605 3794 Luxarra
627 3754 680 3813 pro
697 3736 773 3793 vietu

234 4002 275 4072 (t)
297 4004 347 4054 Par
360 4002 496 4054 l'addition
511 4003 545 4055 de
558 4010 618 4055 tous
632 4005 669 4054 tes
685 4011 773 4071 postes
793 4003 958 4072 marginum,
977 4023 1010 4058 on
1026 4008 1157 4062 n'obtient
1172 4026 1224 4078 que

199 4097 280 4164 mo
292 4117 343 4153 eor.
360 4096 392 4149 46
403 4100 468 4166 etus.
481 4100 497 4148 6
510 4102 548 4153 ob.
