3118 4908
801 380 929 532 (n)

344 651 393 692 uua
414 643 444 693 et
464 630 564 692 decem
583 631 695 703 obulus,
715 633 765 709 qui
781 650 885 710 supun-

344 744 424 808 sunt,
438 733 552 812 aceepit
565 733 643 794 idem
659 733 771 794 solutor
785 735 816 794 in
832 754 885 793 nu·

343 844 456 895 murato
477 834 508 894 in
530 832 655 894 diversis
677 836 801 895 summis
823 847 884 900 tunt

342 933 380 994 ab
394 934 499 995 eudem
510 947 665 1013 quaestore
676 936 805 1014 generali
820 945 882 995 tum

341 1035 379 1094 ub
403 1037 466 1096 aliis
492 1036 627 1114 personis
648 1036 742 1114 ipsius
763 1037 885 1097 nomine

343 1155 359 1194 a
372 1156 410 1196 xn
421 1135 489 1215 julii
504 1137 635 1197 eiusdem
655 1137 725 1196 anni
739 1137 813 1196 LXX
833 1156 884 1196 us-

343 1256 401 1314 que
426 1238 462 1298 ud
488 1239 622 1298 ultimam
648 1239 777 1300 octobris
805 1241 885 1297 inse·
942 1307 945 1314 Ι

244 1392 247 1397 .
342 1339 717 1418 quentisunniLXXi(i).
931 1342 1069 1404 1089569
1084 1361 1143 1402 uon.
1159 1343 1197 1400 ut
1212 1344 1339 1404 stituit.

382 1443 455 1501 Tres
463 1442 609 1502 miiliones
620 1450 740 1501 uentum
752 1450 885 1502 etoetua·

341 1543 422 1623 ginta
443 1561 495 1602 sex
517 1542 597 1602 mille
616 1554 645 1604 et
664 1554 784 1602 eentutu
803 1561 884 1602 seau-

342 1645 422 1722 ginta
444 1643 519 1704 duos
541 1652 697 1705 coronatos
718 1655 748 1704 et
767 1645 885 1725 triginta

344 1763 437 1804 unum
452 1745 590 1818 stuseros‚
603 1762 676 1822 quos
690 1746 801 1825 aceepit
815 1766 830 1805 a
844 1745 888 1805 di-

342 1844 434 1906 vensis
459 1846 674 1907 mercatoribus
696 1867 731 1907 ex
755 1847 883 1926 negociis

340 1947 463 2008 cambiis
475 1958 503 2007 et
515 1947 650 2008 financiis
665 1967 731 2008 eum
747 1949 818 2028 ipsis
829 1936 886 2008 fae-

341 2049 377 2108 tis
404 2067 457 2125 pru
482 2048 587 2108 eudem
612 2050 686 2109 duee
707 2049 820 2110 Albunu
842 2050 876 2109 ud

341 2149 470 2209 rationes
484 2152 591 2229 Regiae
609 2151 767 2211 Maiestatis
781 2151 812 2210 in
829 2151 882 2211 tri-

339 2252 420 2332 ginta
446 2253 561 2312 duubus
586 2253 709 2312 summis
730 2253 883 2330 sequenti-

340 2355 475 2429 bus(2):

378 2453 428 2534 [t]
448 2457 470 2512 Α
494 2453 642 2513 Thomasu
667 2453 767 2512 Fieseu
795 2455 882 2512 Petuu

338 2554 459 2634 Spinuia
484 2563 513 2612 et
536 2552 644 2614 tacebo
672 2551 823 2631 Chenai-ry
849 2553 889 2610 in‘

337 2653 882 2731 solutionibusnundinauumseptum·

338 2755 436 2816 bnium
451 2756 521 2814 anni
535 2756 646 2815 txvtt.
919 2756 1017 2816 tutat
1033 2774 1090 2816 eon,
1108 2761 1125 2818 5
1141 2770 1176 2818 st.

376 2856 426 2938 [2]
441 2859 479 2915 Ex
496 2856 606 2916 eisdem
619 2855 768 2915 Thomasu
781 2855 882 2915 Fieseo

338 2969 368 3018 et
382 2959 471 3019 Petro
486 2957 608 3036 Spinula
626 2975 705 3016 xxuu
717 2955 794 3034 junii
809 2957 878 3016 antii

338 3059 452 3117 vattt
468 3058 652 3135 septuaginta
665 3056 725 3116 duu
741 3057 820 3118 mille
835 3075 880 3117 oc·

338 3159 465 3239 tingunti
477 3157 671 3238 quadraginta
683 3168 748 3218 ueto
760 3177 880 3218 eurena-

337 3260 359 3322 ti
374 3259 480 3338 viginti
495 3258 611 3317 stureri.
920 3259 1020 3318 tutta
1036 3278 1096 3320 uua.
1112 3263 1150 3320 ‘20
1166 3271 1201 3322 st.

374 3537 415 3607 (i)
437 3538 488 3590 Pus·
507 3537 645 3591 l'addition
673 3539 720 3591 des
745 3540 815 3591 deux
838 3546 924 3607 postes
944 3539 980 3590 du
1000 3547 1081 3604 texte,
1104 3558 1137 3593 un
1160 3543 1292 3596 n’ohtient
1312 3563 1365 3615 que

336 3633 453 3694 stuata
467 3652 518 3688 eor.
532 3633 569 3684 29
587 3635 652 3703 stus.
675 3635 691 3684 ti
717 3637 755 3686 ub.
778 3634 835 3687 Une
857 3652 957 3688 summe
977 3635 1010 3687 de
1034 3634 1152 3698 teneto
1174 3656 1259 3693 corun.
1285 3657 1300 3694 a
1324 3642 1366 3694 etti

336 3730 539 3798 ginubublement
552 3729 707 3800 supprimee
717 3731 784 3783 dans
799 3731 823 3783 ie
837 3739 909 3783 texte
924 3747 973 3801 par
985 3732 1009 3784 ia
1025 3731 1178 3802 negligenue
1194 3736 1230 3788 du
1252 3738 1364 3807 copiste.
1390 3735 1421 3784 30

374 3826 415 3898 (i)
435 3827 523 3880 Onne
543 3835 638 3880 trouve
652 3843 705 3896 que
718 3828 794 3896 vingt
814 3827 872 3880 huit
885 3835 973 3896 postes
986 3829 1054 3882 dans
1070 3831 1209 3885 l'addition
1229 3835 1363 3894 suivantu‚

336 3941 371 3978 au
388 3925 442 3978 lieu
456 3927 490 3978 de
510 3933 598 3978 tuente
612 3925 682 3978 deux
702 3932 792 3994 postes
811 3943 864 3994 que
876 3926 930 3978 i'on
945 3927 1049 3980 devrait
1071 3937 1193 3986 trouver.
1211 3931 1280 3985 C'ust
1302 3948 1363 3986 sans

337 4021 418 4074 doute
432 4037 484 4074 une
498 4020 571 4073 faute
585 4020 621 4072 du
635 4020 745 4089 cupiste.
874 4003 883 4022 “
