3134 4926
821 461 949 559 (⁶⁶)

377 655 446 715 dem
475 657 624 716 castellani
652 666 682 717 et
709 657 810 718 decem
839 673 869 720 ct
897 669 962 719 octo

377 757 537 817 satellitum
558 777 629 818 auae
650 759 801 819 custodiae
821 780 888 820 cum
910 780 964 822 suo

378 859 598 919 locumtenente
631 880 647 920 a
680 879 698 920 x
734 861 851 941 augusti
892 864 962 922 anni

380 961 503 1036 txvm,
518 980 576 1038 quo
593 981 709 1024 menone
724 964 884 1041 incogitat
897 966 961 1025 aliis

376 1062 552 1122 officialibus
565 1075 595 1123 ct
609 1056 752 1124 militibus
768 1084 782 1123 a
798 1085 806 1125 ι
819 1065 961 1126 lebnuanii

376 1165 447 1224 anni
470 1166 555 1243 llllX
574 1165 714 1226 omnibus
730 1184 801 1226 veno
817 1187 910 1245 usque
926 1169 963 1226 ad

378 1265 516 1325 ultimum
538 1266 668 1326 octobris
688 1267 759 1327 anni
785 1270 856 1327 LXX
879 1270 965 1346 quin·

377 1367 517 1446 quaginta
546 1378 606 1428 tros
631 1368 710 1428 mille
731 1379 851 1428 centum
877 1371 962 1447 quin·

378 1469 518 1546 quaginta
559 1469 693 1545 quinque
732 1470 863 1528 coronati
905 1483 963 1529 tces
1075 1551 1077 1554 Ι

379 1569 496 1630 stoloni.
1006 1569 1363 1632 ootoocor.tst.30o.
1438 1575 1464 1623 to

421 1669 565 1730 liuderico
573 1669 713 1746 Oncjonio
725 1671 881 1730 castellano
890 1672 965 1730 accis

380 1771 577 1831 Valcncianae
599 1790 653 1849 pio
680 1789 733 1830 suo
761 1771 910 1847 stipendio
936 1783 964 1831 et

380 1871 541 1934 satellitum
553 1890 623 1932 suae
635 1873 785 1936 custodiae
797 1885 825 1933 et
838 1873 963 1934 aliorum

380 1974 549 2035 officialium
570 1973 718 2051 stipendio
741 1974 829 2034 unius
856 1977 965 2035 mensis

379 2074 416 2134 ad
433 2094 501 2134 suas
518 2076 648 2146 rationes
659 2075 790 2152 (inclusis
808 2077 964 2154 stipendiis

381 2187 510 2253 quatum·
536 2173 673 2247 militum,
700 2177 751 2252 qui
782 2176 906 2236 luerunt
934 2178 964 2236 io

381 2276 485 2336 codem
506 2275 601 2334 officio
621 2273 738 2334 duobus
759 2276 884 2334 montuis
899 2264 962 2335 aliis

381 2376 964 2456 duobusnmaudatiscontumscxaginta

380 2499 432 2539 sex
446 2489 655 2538 coronatorum
674 2489 704 2536 et
723 2489 851 2554 quatum
866 2479 958 2537 stole-

382 2582 499 2657 nocum)
520 2581 645 2640 trecenti
670 2578 865 2656 quadraginta
887 2599 965 2639 untts

378 2683 513 2743 coronati
536 2682 637 2742 decem
660 2693 689 2742 et
710 2700 817 2742 novem
834 2681 962 2740 'stuleci
1005 2683 1060 2740 ott
1080 2700 1137 2742 con.
1157 2685 1194 2743 to
1211 2695 1244 2742 st.

472 2949 630 3031 ,lingiatris
654 2947 877 3010 Mocbinorum.

424 3129 555 3190 Diversis
582 3128 784 3189 tneebinanum
812 3131 969 3209 magistciS,

383 3232 435 3310 qui
452 3232 558 3310 Regiae
579 3231 719 3290 Maiestati
742 3249 824 3290 suam
846 3249 967 3308 coenam

383 3333 509 3394 diversis
526 3332 620 3392 modis
634 3333 770 3391 locarunt
785 3333 814 3390 in
831 3333 866 3392 iis
881 3332 966 3392 stati-

385 3436 450 3507 bus,
467 3415 577 3494 novem
589 3433 669 3494 mille
679 3435 857 3512 septingenti
869 3444 967 3494 octua-

383 3537 464 3617 ginta
478 3547 545 3595 octo
560 3535 692 3594 coronati
707 3535 834 3593 sedecim
852 3535 968 3604 stoloni,
1013 3572 1015 3576 -

384 3638 543 3702 videlicet:

425 3741 584 3816 Capitanco
593 3737 711 3797 Pocboti
725 3757 779 3816 pio
790 3757 844 3798 sno
856 3739 967 3818 stipen-

383 3843 433 3902 oto
451 3860 492 3901 ai
513 3839 579 3899 maii
596 3839 666 3896 anni
691 3839 791 3898 le'll
814 3856 908 3914 usquo
930 3839 966 3897 ad

386 3945 523 4004 ultimum
560 3939 707 4000 februaris
740 3941 810 3998 auni
841 3938 969 4010 lxviii,

383 4063 444 4124 quo
463 4043 519 4103 luit
539 4041 726 4114 amandatus,
740 4051 859 4100 centum
880 4058 966 4100 coco·
