3134 4926
634 473 763 575 (59)

186 660 268 738 ginta
286 672 416 740 quatum·
430 668 535 728 stateei
551 690 601 730 sex
616 672 693 732 abati
717 694 770 733 na·

188 771 300 822 metata
315 765 356 824 nn
372 767 408 826 ab
422 770 526 830 eodem
541 773 682 834 solatore.

186 980 374 1058 Stipendium
396 987 529 1067 equitum
554 993 769 1056 Germanorum

320 1083 410 1166 antae
427 1089 633 1152 Herrern'elea.

146 1258 160 1304 5
229 1245 293 1304 Dux
316 1247 418 1308 Eeieas
441 1251 674 1314 Beunsvieiensis
691 1256 767 1315 miti·

185 1347 256 1405 tavit
271 1365 338 1406 eum
362 1367 422 1408 una
444 1352 610 1429 regimenta
632 1357 766 1435 quinque

182 1460 391 1509 eaeaaetaeam
402 1455 600 1515 constantiam
614 1459 764 1520 millesen-

182 1549 275 1610 eentis
290 1553 503 1632 quinquaginta
526 1570 639 1637 septem
662 1563 767 1638 equiti·

183 1649 240 1709 bus
254 1670 321 1710 eum
345 1654 553 1718 additamentis
575 1663 715 1722 caeeibas
737 1673 766 1722 et

128 1759 159 1806 40
183 1751 246 1811 aliis
267 1752 478 1830 inpedimentis
500 1759 657 1821 ordinariis
680 1783 695 1822 a
717 1784 766 1825 xiv

180 1851 258 1930 junii
273 1855 343 1913 anai
360 1856 475 1916 LXVlll
491 1877 584 1936 nsque
598 1861 635 1921 ad
657 1883 696 1923 xn
719 1866 766 1925 de-

183 1953 312 2014 eembeis
333 1956 526 2035 insequentis,
542 1980 601 2038 qua
617 1965 766 2026 amandati

182 2065 268 2126 sant,
309 2057 419 2117 inclusa
466 2079 537 2138 erga
574 2063 768 2125 arrhaboniea

183 2159 307 2234 pecunia
320 2169 349 2216 et
362 2161 448 2220 anias
457 2163 767 2242 mensisstipendiaad

128 2263 156 2308 15
181 2257 310 2317 reditum
323 2258 455 2322 domam.
471 2264 591 2324 Samma
609 2267 698 2326 tatius
717 2269 765 2327 sti·

183 2358 281 2435 peadii
303 2360 382 2420 itlius
407 2362 463 2422 iait
487 2376 607 2426 eentum
635 2369 763 2445 qnadra-

181 2459 261 2538 ginta
278 2463 357 2522 milte
373 2463 491 2525 ducenti
508 2470 667 2548 nonaginta
684 2491 765 2532 eara-

183 2561 243 2621 nati
258 2563 363 2641 viginti
379 2583 457 2626 unae
472 2568 577 2628 statari
600 2581 666 2630 oeta
680 2572 768 2641 abati,

181 2661 218 2720 ad
240 2681 369 2740 quanam
392 2665 568 2728 solationem
591 2673 704 2749 aceepit
728 2675 765 2731 ab

127 2778 155 2824 ne
181 2765 284 2824 eodem
314 2768 447 2828 salutare
480 2782 599 2832 eentum
634 2775 765 2852 quinque

179 2865 764 2949 miliedaeeatosaetogintasexcenoaa·

181 2976 224 3028 tos
252 2981 365 3048 septem
395 2972 526 3034 stateras
555 2987 621 3036 aeto
654 2977 765 3038 attolas.

179 3071 301 3153 Reliqua
332 3076 466 3151 pecunie,
492 3075 547 3136 hoe
572 3087 615 3138 est
642 3079 760 3159 triginta

177 3174 765 3256 quinquemitteetqaatuaeeaeaaetiet

126 3282 154 3332 te
178 3275 404 3352 quatuordeeim
419 3278 536 3353 stasmi,
550 3280 645 3341 seluta
661 3281 703 3343 itti
718 3293 763 3344 est

180 3379 304 3438 Beemae
321 3400 329 3438 1
344 3379 444 3456 aprilis
456 3381 527 3440 enai
539 3382 627 3442 LXlX
642 3383 678 3442 ad
693 3386 763 3445 alias

178 3481 316 3540 nationes.

219 3582 389 3643 Ritmeistee
413 3585 542 3644 loannes
571 3584 763 3648 Bernhaedas

177 3683 312 3744 militavit
325 3703 392 3745 eum
405 3704 463 3745 ana
472 3699 610 3746 eoeaneta
619 3686 760 3765 quadrin-

121 3791 151 3841 30
175 3794 334 3862 genteeam
346 3786 486 3845 etdeeem
505 3796 534 3846 et
550 3799 663 3864 septem
680 3790 761 3865 equi-

175 3897 239 3946 tum
275 3904 342 3946 eum
377 3887 436 3946 sais
458 3887 618 3948 ordinariis
640 3888 757 3968 inpedi-

174 3987 284 4048 mentis
299 3988 336 4048 ab
351 3988 453 4048 ultima
465 3988 543 4067 junii
558 3991 628 4051 anni
646 3992 759 4051 exvltt

807 779 905 839 50806
921 799 979 839 eae.
998 781 1036 841 et
1049 793 1086 842 st.
1103 787 1121 843 6
1136 784 1182 844 oh,

807 3488 925 3550 105‘286
948 3509 1007 3550 eae.
1030 3493 1046 3550 7
1069 3495 1139 3552 st.8
1161 3495 1209 3554 ab.
