3134 4926
791 431 919 530 (ὅῖ)

389 629 542 689 Francisoo
563 629 600 688 da
617 629 700 688 lbana
716 630 883 690 consiliario
899 636 929 691 in

346 732 436 793 nebus
462 731 574 792 bellicis
598 731 706 807 Regiae
731 731 887 792 lllaiestatis
913 753 928 792 a

347 833 464 894 inarsit
477 831 547 891 anni
561 832 663 892 LXVll
677 850 770 908 usque
785 833 819 892 ad
838 833 928 894 finem

342 935 409 1014 julii
425 936 494 994 anni
510 934 591 1006 LXX,
604 952 663 1010 quo
676 933 826 1012 prolectas
842 948 886 994 est
898 938 926 995 in

346 1036 513 1115 llispaniam
548 1033 682 1094 tlueontis
714 1036 861 1094 coronatis
897 1037 926 1096 in

345 1156 476 1199 mensem
499 1138 631 1214 quinque
654 1137 758 1214 primis
777 1139 930 1198 mensibus

346 1239 492 1300 coronatis
511 1249 630 1298 eentum
653 1251 679 1298 ot
701 1237 801 1298 decena
822 1240 930 1300 solido·

344 1329 535 1419 aunireliquo
546 1351 680 1418 tempore
690 1340 807 1418 triginta
821 1360 927 1400 novem

344 1442 526 1502 stuleroaum
543 1452 608 1500 octo
624 1440 703 1500 mille
717 1453 836 1500 eentum
857 1462 926 1519 qua·

344 1544 478 1624 draginta
491 1543 622 1602 coronati
634 1561 683 1603 sex
695 1541 800 1601 stnleii
817 1555 845 1602 et
861 1553 926 1602 outo
1401 1569 1430 1618 40

344 1645 432 1706 oboli.
969 1648 1049 1707 alto
1063 1667 1123 1709 coe.
1138 1652 1158 1711 6
1173 1659 1208 1712 st,
1224 1653 1243 1712 8
1258 1653 1296 1712 ob

384 1746 521 1806 Gabriele
539 1744 697 1804 Carvilloni
713 1745 879 1804 consiliario
897 1747 926 1805 in

342 1852 433 1912 rebus
444 1848 555 1910 bellicis
565 1848 696 1927 ejusdem
710 1850 857 1908 exercitus
873 1869 927 1928 pro

344 1971 397 2013 suo
412 1950 562 2031 stipendio
582 1969 597 2009 a
619 1969 627 2008 ι
648 1948 716 2008 inaii
736 1950 806 2009 anni
823 1951 924 2010 txt'tt

344 2053 491 2132 usquead
513 2052 604 2112 finem
626 2051 742 2130 augusti
757 2051 827 2110 antii
852 2053 926 2111 LXX

343 2169 461 2218 eentum
477 2155 691 2234 quinquaginta
712 2173 762 2233 sex
779 2156 926 2214 coronatis

290 2256 293 2262 ’
343 2258 485 2336 etviginti
497 2256 673 2317 sexstuleeis
686 2258 714 2314 in
729 2274 861 2314 mensem
875 2273 924 2316 sex

342 2357 422 2420 mille
438 2357 557 2418 ducenti
579 2356 729 2436 sexaginta
746 2364 859 2433 septeni
875 2355 925 2414 'ao-

342 2460 438 2520 ronati
454 2459 554 2518 deaein
569 2467 598 2517 et
614 2475 720 2517 noveni
736 2455 851 2517 stulari.
969 2461 1047 2520 aaut
1063 2479 1122 2520 con.
1140 2463 1178 2524 l9
1193 2474 1229 2522 st.

382 2558 536 2622 Nobilibus
557 2559 664 2638 Regiae
684 2557 852 2630 Maiestatis,
874 2560 925 2636 qui

342 2672 517 2724 meruerunt
536 2669 566 2721 et
586 2658 684 2719 adhue
706 2668 823 2720 merent
843 2662 923 2737 apud

341 2768 452 2826 Ducem
468 2761 613 2824 Albanum
632 2781 685 2841 pao
700 2761 762 2821 suis
773 2761 927 2842 stipendiis

340 2867 465 2928 diversis
486 2877 574 2942 atque
589 2862 707 2923 diverso
731 2872 864 2941 tenipoee
880 2863 926 2922 in-

340 2970 442 3049 ceptis,
461 2984 589 3044 quorum
613 2965 765 3025 nonnullis
790 2966 925 3042 persolu-

209 3079 314 3140 tttotlb.
341 3074 474 3152 tumllest,
484 3084 641 3147 quousque
655 3066 685 3124 in
698 3064 802 3125 officiis
817 3067 924 3144 eapitu-

340 3189 466 3232 neonum
478 3180 529 3229 aut
546 3167 611 3227 aliis
624 3165 747 3226 luerunt
759 3166 923 3238 antistituti,

338 3273 402 3333 aliis
411 3265 814 3346 autem‚quousqueluerunt
827 3283 926 3325 anian·

339 3375 398 3435 dati
420 3373 448 3432 in
473 3371 645 3449 Hispaniam
663 3378 715 3428 aut
738 3367 850 3427 ltaliam
872 3377 924 3426 aut

338 3477 368 3536 in
390 3476 460 3536 alias
483 3473 629 3552 regiones,
644 3469 748 3545 iisque,
769 3468 820 3546 qui
843 3487 923 3527 nune

337 3585 464 3651 merent,
485 3573 594 3653 quilius
614 3572 743 3632 solutum
763 3579 808 3630 est
829 3588 924 3646 usque

337 3680 373 3740 ad
390 3659 664 3739 finemnovetnbris
675 3671 746 3731 anni
758 3672 851 3730 LXX:
869 3671 923 3731 ut·

338 3779 419 3861 ginta
447 3785 511 3838 octo
539 3773 619 3835 mille
647 3771 833 3852 septuaginta
863 3771 923 3830 duo

339 3879 470 3940 coronati
503 3875 624 3956 triginta
653 3874 787 3953 quinque
820 3871 925 3932 stoleri

340 3992 467 4060 quatuor
481 3977 570 4040 oboli.
965 3973 1064 4033 58072
1087 3991 1148 4033 eor.
1167 3976 1205 4036 55
1228 3985 1264 4036 st.
1286 3976 1372 4037 lob.
