3118 4908
628 459 754 556 (27)

210 663 275 743 [47]
292 659 337 722 Ab
351 660 455 740 eodem
472 657 659 718 Ferdinando
674 659 711 716 de

169 765 250 823 Frias
273 761 408 822 Gevallus
430 779 484 839 per
506 769 600 819 totum
625 777 709 817 men-

168 885 231 925 sem
248 864 443 924 Februarium
455 871 576 921 centum
591 871 711 937 septua-

166 968 247 1045 ginta
262 976 392 1041 quatuor
412 960 493 1022 mille
515 963 640 1022 trecenti
662 980 710 1019 oe·

127 1079 142 1124 5
168 1069 300 1147 tuaginta
311 1077 376 1126 netu
387 1065 518 1125 coronati
531 1061 635 1140 viginti
645 1074 711 1122 ueto
830 1101 832 1104 -

166 1169 282 1230 stuferi.
761 1165 880 1223 ttt588
896 1181 956 1222 cor.
971 1165 1010 1222 28
1023 1175 1056 1220 st.

205 1270 235 1351 [t
241 1268 276 1349 8]
290 1268 334 1326 Ab
349 1267 461 1326 eisdem
473 1266 621 1325 'ihomasu
632 1265 708 1323 Fies·

167 1390 200 1431 eo
229 1382 259 1429 et
291 1372 377 1429 Petro
405 1367 527 1444 Spinuia
558 1385 585 1425 ru
614 1368 710 1423 martii

167 1469 300 1531 eiusdem
316 1469 386 1528 anui
399 1469 475 1526 LXX
487 1468 620 1544 quinque
634 1467 713 1524 mitte

113 1575 142 1630 10
167 1561 298 1638 sexcenti
314 1575 464 1652 sexaginta
481 1575 615 1649 quinque
631 1591 713 1630 euru·

168 1677 230 1738 nati
247 1675 417 1752 quindecim
434 1673 548 1733 stuseri.
764 1673 843 1731 5605
859 1689 918 1729 cor.
936 1671 973 1729 tu
988 1679 1021 1728 st.

206 1779 273 1859 [[9]
294 1779 338 1838 Ab
353 1779 456 1860 eudem
472 1777 617 1835 Thomaso
633 1775 710 1832 Fies·

168 1903 201 1942 eu
219 1903 267 1941 xxi
287 1881 420 1958 ejusdem
437 1879 535 1938 martii
555 1875 711 1935 duodecim

168 1983 247 2042 mille
257 1981 381 2042 trecenti
394 1991 508 2057 septem
521 1978 653 2037 coronati
671 1979 712 2033 vi·

112 2090 141 2136 15
166 2086 240 2164 giuti
256 2095 369 2161 septem
385 2081 500 2141 stuferi.
758 2079 857 2137 12507
873 2093 932 2133 cor.
948 2075 985 2132 ut
1003 2085 1035 2130 st.

206 2185 279 2267 [20]
293 2185 336 2244 Ab
345 2183 569 2243 eodemloanue
581 2180 711 2257 Baptista

166 2289 287 2367 Spinula
303 2303 382 2344 xxvu
398 2283 530 2360 ejusdem
549 2281 647 2340 martii
668 2299 713 2338 ue-

166 2388 292 2467 tingenti
320 2388 467 2464 octoginta
495 2402 545 2443 sex
575 2383 709 2442 coronati

166 2489 270 2567 viginti
286 2507 335 2547 sex
354 2485 471 2546 stuieri.
756 2483 815 2540 886
831 2498 889 2538 eur.
907 2479 946 2536 26
962 2486 1000 2535 st.

112 2591 142 2636 2⁰
205 2589 275 2670 [bt]
296 2587 340 2646 Ab
355 2586 460 2646 eodem
482 2585 568 2644 Petro
586 2581 708 2660 Spinuia

166 2711 205 2752 xu
227 2690 328 2768 aprilis
354 2687 473 2765 triginta
497 2703 603 2745 novem
631 2685 711 2743 mitte

164 2790 345 2870 septingenti
366 2787 560 2865 quadraginta
581 2798 641 2844 tres
663 2803 711 2842 cu·

164 2893 261 2953 ronati
276 2890 381 2970 viginti
398 2899 457 2948 tres
472 2887 589 2947 stuferi.
755 2885 852 2942 597t5
868 2901 927 2940 eor.
945 2884 983 2940 ⁶25
1000 2888 1037 2938 st.

203 2993 276 3075 [22]
292 2993 334 3052 Ab
349 2991 455 3051 eudem
470 2989 618 3048 Thnmasu
634 2987 712 3045 Fies-

109 3115 139 3162 025
164 3113 197 3154 eo
215 3113 270 3173 per
288 3091 366 3152 idem
388 3103 504 3169 tempus
522 3088 709 3165 septuaginta

164 3214 272 3256 novem
303 3194 381 3252 mille
410 3192 565 3268 quingenti
591 3201 708 3264 septua-

163 3300 242 3378 ginta
276 3306 342 3356 oeto
376 3293 508 3353 coronati
538 3289 707 3369 quindecim

163 3399 280 3460 stuferi.
750 3390 849 3449 79578
865 3405 923 3444 cur.
948 3386 982 3442 tt
998 3393 1033 3440 st.

204 3499 276 3582 [25]
290 3498 333 3557 Ab
348 3496 452 3558 eodem
469 3492 655 3553 Ferdinando
672 3493 708 3550 de

109 3623 139 3670 30
165 3604 243 3662 Frias
259 3620 296 3660 rx
311 3598 443 3676 ejusdem
465 3606 584 3656 eentum
605 3593 710 3671 viginti

165 3714 224 3763 tres
238 3703 317 3761 mille
327 3699 513 3778 septuaginta
524 3714 575 3755 sex
587 3713 709 3753 corona·

163 3807 184 3866 ti
201 3806 317 3882 triginta
333 3821 383 3860 sex
398 3799 511 3859 stuieri.
755 3790 872 3850 tenum
888 3807 948 3846 eur.
964 3788 1000 3846 36
1018 3800 1053 3844 st.

201 3904 274 3986 [24]
289 3904 331 3963 Ab
343 3901 455 3962 eisdem
466 3901 613 3959 Thomasu
625 3897 707 3954 Fies·

162 4027 196 4068 eu
210 4018 239 4067 et
258 4009 345 4066 Petro
364 4002 486 4081 Spinuia
506 4020 555 4060 xru
577 3997 710 4075 ejusdem
