3118 4908
652 454 757 552 (t)

500 791 625 848 Summa
647 798 688 847 est
709 807 717 847 ε

217 989 298 1047 Duec
313 987 426 1048 Albano
440 987 642 1067 gubernatore
656 1006 691 1046 ex
707 987 874 1046 rationibus
891 1007 984 1064 usque

176 1091 206 1149 in
218 1090 310 1150 finem
321 1092 391 1152 anni
403 1092 549 1150 uutxxr
561 1091 597 1149 ab
613 1090 742 1149 lasuntio
757 1083 899 1168 accellptis
913 1110 983 1167 qua·

175 1191 309 1272 draginta
324 1193 458 1271 quinque
477 1193 556 1251 mille
578 1200 608 1251 et
623 1191 742 1268 triginta
767 1191 826 1250 duo
841 1193 983 1251 coronati.
1026 1191 1128 1251 touta
1147 1209 1207 1250 cor.

135 1307 150 1354 ts
216 1291 323 1353 Eodem
343 1293 545 1373 gubernatore
560 1310 655 1368 usque
670 1290 707 1349 ad
727 1291 806 1350 iliius
822 1290 982 1351 discessum

174 1395 204 1453 in
229 1392 399 1470 Hispaniam
425 1391 576 1470 usquead
599 1391 690 1451 finem
712 1391 782 1450 anni
805 1391 980 1451 uutxxut

174 1494 279 1573 viginti
292 1513 343 1554 sex
358 1493 438 1553 mide
453 1491 663 1571 quadringenti
679 1491 798 1569 triginta
816 1511 877 1552 sex.
1025 1493 1126 1553 cotto
1146 1511 1205 1552 cor.

214 1594 462 1655 commendatore
485 1594 594 1653 Maiore
615 1591 760 1652 Castilliae
782 1592 983 1670 gubernatore

175 1714 267 1772 usque
282 1694 318 1754 ad
333 1715 352 1753 v
372 1695 469 1754 martii
483 1694 664 1763 leLXXV1‚
678 1709 737 1768 quo
753 1691 835 1766 obiit,
850 1693 982 1752 coronati

120 1808 150 1855 to
174 1795 368 1875 quadraginta
384 1814 477 1854 unum
495 1795 574 1854 mille
596 1793 807 1871 quadringenti
831 1793 983 1871 sexaginta

175 1915 263 1956 uotis.
1025 1894 1121 1953 tttot
1147 1911 1206 1952 cor.

214 2103 334 2160 Summa
352 2109 411 2159 tota
426 2100 664 2159 coronatorum:
1006 2101 1125 2160 timii
1145 2116 1204 2157 cor.

214 2318 329 2392 Quibus
359 2319 389 2378 in
425 2317 516 2390 rebus
544 2318 684 2378 omnibus
718 2319 872 2377 inservivit
909 2319 1053 2378 haetenus
1082 2320 1205 2378 Vestrae

175 2420 316 2498 blajestati
344 2439 411 2479 cum
437 2438 551 2480 summa
582 2419 682 2479 tabore
708 2431 737 2479 ct
762 2418 914 2496 diligentia
944 2420 1147 2480 occasionibus
1176 2431 1206 2479 et

120 2536 149 2583 tt
174 2520 398 2581 necessitatibus
413 2522 459 2580 sui
474 2520 587 2580 servitii
603 2539 723 2598 semper
738 2521 872 2581 intentus
888 2520 1046 2601 obligando
1059 2539 1205 2600 saepenu-

173 2640 257 2681 mero
278 2622 470 2698 semetipsum
493 2620 569 2680 bona
592 2621 690 2679 omnia
713 2630 742 2679 et
762 2620 851 2681 fidem
873 2641 957 2681 suam
981 2621 1206 2691 mammarum,

172 2721 423 2799 quemadmodum
442 2722 574 2781 constitit
596 2721 752 2798 praedictis
774 2722 842 2781 duci
866 2731 895 2782 et
917 2723 1152 2782 commendatori
1175 2724 1204 2781 in

173 2823 234 2882 suis
248 2822 442 2900 temporibus.

213 2927 246 2984 Et
261 2925 402 3002 quoniam
418 2927 447 2983 in
463 2943 496 2982 ea
518 2923 724 2997 instructione,
738 2942 828 3000 qnam
844 2926 950 2983 Vestra
969 2924 1104 3003 Majestas
1127 2926 1203 2986 mitti

117 3037 147 3085 20
168 3027 258 3103 jussit
276 3025 312 3084 ad
333 3044 402 3085 etam
425 3033 455 3084 et
477 3024 643 3103 praedictos
664 3033 839 3101 quaestores
862 3026 1020 3100 exercituo,
1035 3026 1065 3086 in
1084 3046 1145 3086 uno
1167 3047 1204 3087 ex

171 3128 249 3186 illius
264 3126 399 3203 capitulis
413 3125 549 3204 jubetur,
571 3126 595 3185 si
618 3125 786 3203 praedictus
807 3136 948 3204 quaestor
970 3127 1204 3206 deprehenderit

171 3228 201 3287 in
216 3228 315 3304 aliquo
331 3227 466 3286 Vestram
488 3224 670 3302 Maiestatem
685 3225 863 3299 debitorem,
880 3227 1037 3304 jussurum
1052 3248 1094 3300 se,
1113 3240 1146 3288 ut
1160 3229 1202 3289 iili

170 3327 302 3402 satisfiat,
317 3346 384 3387 cum
407 3328 536 3386 rationes
559 3325 687 3387 finaliter
709 3325 821 3386 suerint
843 3339 979 3406 acceptae
1000 3329 1087 3406 (quae
1103 3340 1201 3389 tamen

172 3430 315 3490 hactenus
337 3447 397 3488 non
419 3437 489 3488 sunt
510 3426 667 3506 acceptae),
683 3439 712 3489 et
734 3427 798 3488 fieri
822 3440 929 3506 posset,
951 3438 984 3488 ut
1003 3449 1036 3489 ca
1054 3431 1202 3490 rationum

116 3548 146 3596 as
172 3530 268 3589 finitio
292 3530 321 3589 in
347 3527 469 3608 longum
495 3539 613 3606 tempus
637 3527 733 3587 adbuc
759 3527 942 3600 differretur,
969 3550 1029 3607 quo
1051 3530 1146 3604 fieret,
1169 3543 1203 3591 ut

172 3651 281 3692 usurae
295 3642 502 3692 excrescerent
516 3632 545 3689 in
561 3649 697 3710 magnam
713 3649 870 3698 sommam.
892 3650 967 3708 quas
984 3642 1082 3692 tamen
1096 3633 1202 3693 Vestra

171 3732 307 3810 Majestas
322 3740 442 3792 tenetur
456 3733 580 3804 solvere,
595 3750 662 3791 eum
684 3731 807 3810 pecunia
828 3733 857 3791 in
874 3731 999 3792 diversis
1015 3734 1201 3814 temporibus

171 3844 201 3894 et
225 3834 361 3893 terminis
385 3842 504 3911 accepta
533 3833 571 3893 sit
591 3832 677 3911 jussu
704 3853 740 3892 ex
769 3833 863 3893 verbo
888 3844 917 3894 et
942 3834 1052 3913 scripto
1076 3854 1202 3897 suornm

169 3933 404 4014 gubernatorum
427 3941 457 3993 et
471 3934 507 3992 ad
523 3952 570 3994 res
592 3935 738 4010 imprimis
752 3934 835 4012 regio
855 3953 910 3995 suo
925 3935 1046 3997 servitio
1066 3955 1203 3997 neeessa-

170 4036 240 4109 rias,
258 4035 511 4112 quemadmodum
532 4045 575 4094 est
601 4046 716 4108 notum,
741 4035 854 4113 etipse
879 4036 1027 4099 Lixaldius
1047 4038 1167 4116 petierit
1184 4058 1201 4098 a

1246 1105 1257 1163 ΙΙ
1273 1102 1311 1150 tol.
1328 1103 1349 1155 t.
