3134 4926
817 435 945 533 (90)

399 638 431 693 ln
447 633 550 694 eadem
567 633 655 694 bursa
671 645 715 693 est
730 634 805 692 alius
818 633 942 694 sasaiou-

355 737 401 796 ius
428 747 459 794 n⁰
488 738 507 794 la
534 733 691 796 continens
727 735 847 812 triginta
883 736 943 795 duo

355 836 552 916 chirographa
581 855 648 894 curn
678 836 738 896 suis
768 837 861 896 literis
887 848 941 896 eto.

356 937 533 998 Marohionis
546 936 671 1016 Chapini
686 936 793 996 Vitellii
807 938 939 1015 magistri

355 1049 519 1098 castrorum
535 1037 695 1116 generatim
711 1057 826 1097 summa
841 1048 905 1098 est:

398 1145 429 1198 in
445 1143 548 1200 eadem
565 1139 655 1199 bursa
670 1151 715 1198 est
730 1140 805 1200 alius
821 1141 943 1200 fascicu-

353 1243 399 1301 lus
415 1254 448 1300 n⁰
463 1244 492 1314 5,
505 1241 555 1302 ubi
567 1251 637 1302 sunt
648 1241 725 1300 duae
741 1243 844 1301 litoreo
861 1260 939 1301 reuo-

353 1344 493 1421 gnitionis
502 1343 656 1402 solutionis
665 1342 842 1420 inspectoris
854 1362 941 1421 gene·

354 1445 424 1504 ralis
446 1445 537 1503 trium
560 1444 686 1502 millium
708 1455 829 1502 uentum
850 1463 940 1504 nona·

353 1546 434 1625 ginta
463 1545 596 1621 quinque
622 1553 834 1604 coronatorum
869 1545 939 1604 item

353 1646 454 1706 docem
490 1656 520 1707 ot
555 1654 619 1704 octo
655 1645 837 1705 stuierorum
870 1667 938 1706 aum

978 1042 1078 1100 unet
1094 1061 1154 1102 ror.
1170 1047 1208 1103 38
1224 1056 1260 1107 si.
1275 1049 1295 1106 6
1309 1047 1358 1108 ob.
1428 1053 1443 1100 ὅ

353 1748 475 1807 dimidio
498 1765 553 1824 pro
573 1746 723 1824 stipendio
745 1766 816 1806 suae
837 1766 939 1826 perso·
972 1765 973 1769 ’

353 1851 475 1910 naeEst
486 1849 565 1908 aliud
577 1849 722 1928 scriptum
734 1849 822 1908 Ducis
832 1847 936 1908 albani

352 1961 379 2010 et
396 1961 587 2028 quaestorum
601 1950 842 2028 octingentorum
859 1963 937 2009 oato·

351 2052 431 2132 ginta
451 2063 517 2111 ooto
536 2061 746 2111 coronatorum
767 2051 937 2130 quindecim

350 2153 534 2214 stusrrorurn
546 2153 587 2231 (i)
598 2171 665 2212 uum
678 2153 740 2212 aliis
755 2150 938 2229 quatuorde-

350 2257 406 2314 cim
426 2253 633 2332 chirographis
648 2263 678 2312 et
691 2254 786 2314 literis
806 2256 936 2333 recogni-

351 2355 435 2416 toriis
456 2355 596 2432 stipendii
619 2373 742 2414 suorum
765 2355 941 2426 sateltiturn;

349 2477 464 2518 summa
482 2457 619 2516 universa
635 2465 702 2516 est:

391 2563 424 2619 ln
440 2560 542 2621 eadem
558 2559 648 2620 bursa
664 2571 709 2619 est
723 2559 798 2618 alius
815 2560 936 2619 fascicu-

347 2663 394 2722 lus
408 2673 442 2721 n⁰
457 2666 475 2724 6
490 2662 646 2722 continens
673 2659 793 2740 triginta
819 2672 933 2740 septem

348 2762 631 2842 chirographorum
656 2764 717 2822 suis
739 2761 832 2821 literis
852 2781 937 2821 reco-

346 2864 484 2944 gnitoriis
496 2863 608 2922 solutae
620 2863 763 2940 perimine
776 2863 935 2922 secretario

346 2964 453 3026 loanni
468 2965 504 3023 du
519 2962 667 3023 Alburnoz
678 2972 713 3022 ot
728 2963 788 3022 suis
803 2963 935 3023 officiali·

348 3065 403 3126 bus
420 3084 472 3143 pro
487 3084 542 3125 suo
557 3064 722 3142 stipendi03
736 3083 852 3125 summa
866 3075 933 3125 ast:

386 3167 424 3226 N‘
439 3169 456 3227 7
472 3179 517 3226 ost
535 3167 680 3245 seriptum
702 3168 934 3244 recognitoriurn

346 3268 502 3328 solutionis
514 3268 680 3345 quaestoris
687 3267 855 3328 castellenii
864 3287 933 3346 qua-

347 3382 415 3430 tuor
435 3370 561 3429 miiiium
587 3369 785 3429 ducentorum
813 3383 934 3447 septua-

344 3473 426 3550 ginta
461 3472 595 3549 quinque
629 3481 840 3531 coronatorum
876 3473 932 3551 ipsi

345 3585 572 3632 numeratorum
602 3591 657 3651 pro
686 3573 833 3649 stipendio
860 3593 931 3632 suae

345 3691 490 3751 personae
501 3685 531 3731 et
541 3672 711 3732 officialium
731 3676 875 3751 usquead
892 3694 930 3733 xn

343 3773 510 3835 decembris
522 3777 593 3834 anni
609 3775 696 3836 LXX!
712 3795 720 3834 ε

980 2461 1059 2518 4084
1076 2479 1135 2518 (εον.
1150 2461 1170 2518 t
1184 2469 1219 2518 st.
1237 2463 1255 2517 (i
1270 2458 1317 2518 ob.

975 3066 1052 3126 *2767
1070 3085 1129 3125 ror.
1150 3069 1232 3124 iOst.
1247 3069 1266 3125 t
1281 3067 1328 3125 oh.
1414 3075 1436 3125 '5

966 3778 1045 3836 4275
1060 3796 1120 3837 ror.

380 4029 419 4100 (i)
440 4031 508 4083 L'un
522 4030 555 4085 de
568 4047 612 4086 res
625 4033 695 4086 doux
710 4042 798 4103 postes
810 4034 914 4086 dovrait
929 4044 1033 4088 urunter
1054 4034 1068 4086 a
1088 4035 1121 4088 {0
1141 4037 1237 4104 stuseri
1248 4037 1281 4089 de
1304 4040 1373 4105 pius.
