3118 4908
602 493 706 592 (5)

542 930 572 988 S.
593 931 622 989 C.
646 931 678 988 R.
702 931 738 988 Μ.

178 1150 352 1209 Francisous
365 1149 512 1210 Lixaidius
523 1150 593 1210 dicit
603 1168 635 1210 se
647 1150 806 1210 inservisse
821 1151 944 1210 Vestrae

139 1251 281 1328 MaJestati
296 1251 326 1309 in
342 1250 438 1311 officio
453 1251 619 1329 quaestoris
636 1251 782 1311 exereitus
796 1249 944 1310 Flandrici

44 1393 48 1398 -
139 1373 154 1410 a
176 1371 215 1411 xu
238 1351 335 1411 martii
358 1355 429 1412 anni
450 1354 488 1412 Μ.
511 1354 546 1414 Ι).
570 1353 672 1412 txvu
694 1352 725 1411 in
752 1352 833 1411 bunc
853 1370 947 1429 usque

100 1454 114 1501 ὕ
139 1454 217 1513 diem
233 1454 317 1531 (sunt
331 1454 402 1512 anni
418 1471 523 1512 novem
540 1473 606 1513 cum
626 1451 760 1534 dimidio)
771 1453 856 1530 juxta
872 1453 945 1512 titu-

140 1555 201 1613 lum
223 1561 252 1612 ct
266 1554 506 1625 instructionem,
519 1572 608 1630 quam
631 1555 738 1613 Vestra
753 1554 887 1631 Majestas
903 1553 944 1612 illi

135 1655 225 1734 jussit
247 1653 320 1723 dari,
343 1655 423 1713 etin
447 1653 537 1731 hujus
563 1653 705 1732 temporis
726 1655 837 1714 maiore
860 1666 944 1732 parte

140 1755 236 1815 oravit
263 1772 350 1831 saepe
376 1756 511 1813 Vestram
536 1753 728 1832 Majestatem,
757 1765 791 1813 ut
816 1755 945 1814 rationes

140 1855 244 1916 finales
260 1856 349 1914 totius
365 1854 505 1932 pecuniae
520 1873 535 1912 a
551 1873 582 1914 se
594 1864 749 1934 susceptae
761 1863 791 1914 et
801 1853 945 1914 distribu-

88 1960 116 2006 10
142 1968 187 2017 tae
203 1959 232 2015 in
249 1956 417 2033 sumptibus
433 1955 503 2013 dieti
518 1956 665 2015 exercitus
685 1966 743 2014 tam
758 1955 946 2033 gubernante

142 2056 949 2134 duceAlbanoquamCommendatorcMaioriCastiliiae

143 2177 236 2234 usque
252 2159 282 2216 in
298 2158 376 2216 iilius
398 2156 512 2216 obitum
529 2176 544 2215 a
562 2175 593 2216 se
613 2157 828 2234 reciperentur.
846 2157 948 2232 Neque

86 2328 89 2334 ,
145 2271 242 2320 tamen
265 2259 409 2318 hactenus
433 2260 537 2317 Vestra
556 2259 692 2336 Majestas
711 2276 891 2335 quemquam
914 2261 949 2317 ad

144 2362 174 2420 id
190 2361 368 2431 nominavit3
391 2360 442 2418 sed
467 2370 499 2418 ut
521 2368 630 2434 nosset,
653 2361 763 2436 quoin
787 2370 864 2418 statu
888 2360 952 2418 ilias

7 2525 8 2528 ,
90 2462 119 2508 ¹5
146 2463 280 2532 baberet,
299 2461 360 2520 dux
377 2461 507 2520 albanus
527 2463 681 2520 constituit
702 2460 743 2519 iili
768 2461 953 2539 provisorem

144 2566 289 2623 ioannem
315 2563 491 2634 lssuntium,
518 2563 568 2641 qui
598 2561 804 2639 perfunctorio
838 2569 953 2620 tantum

146 2662 232 2723 modo
244 2682 292 2721 eas
306 2662 476 2738 inspiceret.
490 2665 516 2720 is
531 2663 709 2721 auctoritate
724 2663 878 2721 literarum
896 2663 954 2720 ori-

144 2765 298 2844 ginalium,
319 2781 393 2840 quas
414 2762 544 2822 habebat
558 2763 594 2821 ad
616 2765 646 2822 id
670 2765 804 2822 muneris
823 2781 956 2839 quasque

146 2866 171 2924 ci
202 2866 428 2942 representavit,
451 2864 549 2940 exegit
577 2872 607 2922 ct
635 2862 766 2923 diffinuit
793 2862 956 2939 praedictas

92 2974 121 3021 ab
147 2966 275 3024 rationes
298 2982 392 3040 usque
414 2964 450 3022 ad
465 2982 579 3022 annum
597 2965 773 3023 uonxxl.
795 2965 828 3021 ln
849 2961 955 3020 barum

149 3068 297 3126 rationum
312 3064 511 3125 subductione
533 3066 648 3124 invenit
662 3068 799 3124 Vestram
822 3061 956 3142 Majesta-

148 3180 207 3226 tem
243 3165 407 3226 debitorem
439 3166 634 3246 quadraginta
666 3167 801 3244 quinque
833 3165 957 3223 millium

148 3278 177 3327 ct
202 3267 323 3345 triginta
349 3267 478 3327 duorum
504 3280 728 3341 coronatorum,
754 3265 845 3343 idque
870 3266 960 3324 omis·

149 3370 187 3430 sis
228 3369 379 3428 nonnuliis
420 3369 583 3428 earundem
624 3369 776 3428 rationum
816 3368 976 3437 summis„

94 3487 124 3533 ut
150 3489 222 3545 quas
249 3489 309 3529 non
334 3469 462 3539 admisit,
489 3489 524 3529 eo
549 3469 629 3547 quod
654 3469 799 3529 diffinitae
825 3445 958 3525 nondurb

150 3578 246 3643 erant,
274 3570 525 3646 quemadmodum
555 3589 609 3649 per
639 3568 802 3647 praedictas
831 3568 959 3626 rationes

151 3670 433 3751 etperfunctoriam
456 3690 559 3731 earum
585 3671 813 3731 subductionem
835 3678 960 3738 constat,

151 3791 240 3849 quam
271 3774 438 3851 praedictus
471 3774 615 3832 lssnntius
646 3774 725 3831 misit
759 3771 795 3829 ad
824 3770 959 3828 Vestram

152 3872 333 3949 Maiestatem
349 3873 574 3953 subscriptione,
588 3873 719 3932 nominis
733 3871 778 3931 sui
801 3869 960 3928 confirma—

154 3984 223 4033 iam.

1006 3927 1106 4026 45be
1123 3983 1183 4024 cor.
