3118 4908
646 345 774 522 <ui

181 613 315 686 stratoris,
344 635 418 694 quos
451 620 597 682 Antonius
628 623 666 683 de
701 625 770 684 bara

184 723 353 792 postremus
368 720 534 781 eorundem
552 709 767 786 cornmissario-

181 833 249 874 rum
270 820 382 896 accepit
397 839 412 878 a
430 820 556 885 diversis
577 825 724 904 personis,
738 835 768 887 et
828 893 831 898 Α

181 914 298 978 duobus
313 921 461 983 coronatis
473 919 571 986 minus
586 927 678 986 Panto
689 926 726 987 du
742 929 767 987 la
842 995 845 998 ,
909 968 911 972 -

141 1017 286 1078 tribocia
323 1021 381 1099 (t),
415 1023 548 1086 efficiunt
587 1029 777 1105 praedictam·

87 1139 90 1148 ¹
179 1138 336 1183 sununam.
398 1157 400 1164 π

219 1224 276 1298 Eis,
310 1227 361 1303 qui
392 1227 608 1307 praestiterunt
636 1231 769 1300 officium

177 1322 323 1385 auditoris
357 1329 504 1406 generalis
544 1330 574 1390 in
615 1332 766 1410 praedicto

178 1428 321 1504 exercitu,
335 1437 396 1490 tres
411 1431 490 1492 mitte
505 1434 636 1495 sexcenti
651 1446 680 1494 et
694 1453 764 1512 qua·

122 1537 153 1612 tt>
177 1527 311 1608 draginta
327 1529 386 1592 duo
401 1532 534 1593 coronati
551 1534 670 1614 triginta
688 1554 771 1596 unus·

811 1088 1102 1199 rossemannus]
1143 1187 1145 1197 Α

176 1632 765 1706 stateras,videlicesttcenuatoHorti·
849 1689 898 1699 ,κ
968 1697 969 1702 ,
1054 1693 1068 1726 .·

177 1733 269 1795 breno
284 1735 322 1796 dc
343 1737 477 1798 [aeumis
498 1757 554 1818 pro
568 1739 718 1817 stipendio
735 1750 764 1802 et
817 1791 821 1811 ,
852 1799 854 1804 .

175 1833 284 1896 auxilio
299 1849 475 1914 sumptuum
496 1859 566 1899 suae
582 1859 727 1919 personae
745 1861 761 1902 a

175 1937 312 2016 xaprilis
333 1941 404 1999 anni
429 1941 541 2013 tttvn,
564 1960 622 2017 quo
644 1961 761 2002 merere

119 2048 148 2096 tt
173 2037 294 2118 incepit,
306 2059 401 2118 usque
417 2039 452 2100 ad
465 2061 483 2100 x
494 2042 623 2102 octobris
638 2062 762 2121 sequen·

174 2141 221 2214 tis,
235 2160 295 2218 quo
310 2141 408 2202 habita
425 2143 541 2204 licentia
559 2163 697 2205 reversus
713 2154 757 2206 est

172 2245 202 2303 in
219 2239 389 2322 Hispaniam
404 2244 506 2304 relicto
522 2243 628 2318 officio,
641 2256 759 2325 septua-

171 2345 253 2424 ginta
268 2344 401 2423 quinque
416 2347 564 2406 coronatis
579 2347 608 2406 in
625 2364 758 2408 mensem

71 2514 74 2518 ,
172 2455 201 2506 et
216 2446 277 2507 suis
292 2445 468 2506 officialibus
483 2447 635 2508 abeodem
652 2448 759 2528 xapri·

115 2551 146 2600 ao
170 2547 206 2606 lis
222 2547 367 2624 usquead
383 2567 461 2608 xxrur
478 2549 656 2626 septembris
677 2551 757 2610 eins·

170 2649 236 2710 dem
259 2650 329 2710 anni
348 2651 499 2728 sexaginta
521 2671 571 2710 sex
593 2653 741 2728 coronatis
749 2671 758 2726 ;

169 2751 229 2811 duo
254 2751 334 2811 mille
356 2763 455 2810 autern
482 2753 644 2830 octingenti
670 2756 756 2828 quin·

168 2854 308 2934 quaginta
334 2852 394 2914 duo
417 2855 549 2914 coronati
574 2855 624 2933 qui
647 2871 754 2932 super·

101 2995 104 3000 -
168 2963 249 3028 sunt,
260 2957 380 3014 Ductori
395 2954 550 3014 Ambrosio
563 2957 693 3025 itinerio,
705 2956 757 3032 qui

112 3062 149 3126 25,
168 3057 194 3118 ei
210 3057 357 3132 successit,
371 3073 429 3138 pro
443 3056 592 3131 stipendio
608 3075 679 3116 suae
692 3075 757 3135 per·

168 3175 287 3216 sonaea
310 3157 514 3234 rseptcrnbris
535 3157 605 3216 aratri
629 3158 755 3230 LXViH,

167 3277 226 3336 quo
242 3241 358 3318 merere
372 3258 493 3338 incepit,
506 3277 599 3334 usque
615 3257 650 3317 ad
665 3257 753 3318 finem

166 3360 345 3439 septembris
360 3359 429 3419 anni
449 3362 523 3419 LXX
540 3360 755 3439 quinquaginta
854 3423 856 3426 ,

166 3461 313 3522 coronatis
328 3461 360 3520 in
372 3479 515 3532 mensem,
528 3471 558 3520 et
569 3465 631 3524 suis
644 3459 751 3520 officia-

110 3563 144 3625 30
166 3562 243 3623 libus
271 3582 287 3621 a
316 3581 325 3624 t
355 3562 484 3622 octobris
517 3563 650 3641 ejusdem
683 3561 754 3621 unni

167 3664 282 3724 txvttt
298 3666 440 3740 usquead
464 3662 554 3722 tincrn
574 3662 752 3740 septembris

165 3767 235 3825 anni
261 3766 334 3825 LXX
352 3765 502 3842 sexaginta
522 3758 573 3823 sex
595 3766 753 3835 coronatis,

205 4043 246 4112 (t)
267 4043 342 4096 Cette
354 4043 442 4114 partie
455 4050 495 4095 est
509 4038 627 4094 mutiiee.
