3134 4926
635 358 693 456 ⁵-
781 421 915 521 (oi)

333 621 469 682 videlieet
504 640 583 682 unus
613 621 717 682 ultima
750 623 818 682 maii
850 624 919 683 anni

336 724 410 785 LXX
425 723 500 783 alter
521 723 550 782 in
572 721 633 782 fine
654 724 832 803 septembris
848 724 923 803 ejus·

337 825 403 886 dem
428 825 499 883 anni
519 836 648 902 quatuor
669 825 770 885 ultima
792 826 921 886 octobris

336 925 521 1004 insequentis
542 925 686 1004 septimus
705 945 743 986 xv
760 927 827 988 maii
850 929 920 989 anni

339 1029 428 1089 LXXI
448 1027 573 1106 singulis
590 1027 759 1105 quindecim
774 1032 922 1091 coronatis

337 1133 366 1191 iu
383 1149 515 1192 mensem
527 1130 649 1190 inclusis
659 1131 826 1210 octuaginta
841 1151 924 1194 eoro-

339 1233 384 1293 nis
403 1233 567 1293 numeratis
587 1232 719 1292 ttichattt
741 1232 847 1312 legale
870 1236 921 1294 uni

338 1353 373 1394 ex
388 1333 473 1393 dictis
484 1320 694 1393 commissoriis
705 1335 795 1394 semel
809 1335 837 1394 in
853 1337 923 1396 stila·

337 1434 445 1494 sidium
462 1452 469 1493 ε
485 1442 544 1493 trcs
561 1433 640 1492 mille
657 1435 836 1513 septingenti
853 1455 921 1514 sep-

339 1537 470 1612 tuaginta
491 1543 604 1611 septem
627 1535 759 1594 coronati
778 1533 924 1598 decentet
1398 1561 1426 1608 ω

339 1654 445 1696 novem
460 1634 565 1695 stuieri
581 1653 647 1694 eum
663 1633 795 1718 dimidio.
965 1641 1043 1700 5777
1059 1659 1119 1701 cor.
1137 1642 1175 1702 19
1191 1655 1226 1703 st.
1242 1647 1260 1704 6
1275 1641 1323 1703 ob.

379 1739 411 1797 ln
426 1746 574 1815 sumptus,
589 1755 663 1813 quos
686 1735 820 1797 lecerunt
840 1757 918 1797 eona-

337 1838 464 1899 missurii
475 1838 601 1897 censorii
617 1838 646 1896 in
662 1839 836 1898 executione
851 1859 921 1900 suo-

340 1959 407 2002 rum
433 1939 597 2000 officiorum
624 1949 654 1998 et
675 1940 704 1998 in
728 1924 873 2015 stipendia
895 1953 924 2001 et

340 2053 477 2120 sumptas
491 2041 615 2100 aliarum
629 2059 835 2119 personarum,
847 2061 923 2118 quae

342 2145 447 2203 missae
470 2154 550 2214 sunt,
577 2155 609 2201 ut
634 2155 789 2202 censerent
817 2143 924 2204 milites

340 2243 472 2323 ejusdem
485 2244 641 2316 exercitus,
652 2262 703 2302 sex
716 2244 794 2303 mille
806 2258 925 2304 eentum
1004 2273 1006 2278 v

342 2347 489 2406 decernet
511 2354 624 2424 septem
649 2345 781 2405 coronati
797 2356 926 2422 quatuor

342 2445 448 2507 atulcri
463 2455 492 2506 et
507 2458 635 2523 quatuor
649 2445 738 2507 oboli.
965 2449 1044 2508 etit
1060 2467 1121 2509 cor.
1135 2449 1156 2508 l
1170 2459 1206 2509 st.
1220 2448 1241 2507 l
1257 2448 1304 2508 ob.

383 2551 415 2608 ln
439 2561 578 2627 sumptus
599 2559 629 2608 et
649 2548 794 2627 stipendia
819 2567 921 2628 corum
1403 2561 1432 2610 tu

341 2651 392 2730 qui
410 2653 530 2711 nomine
545 2650 677 2729 ejusdem
700 2652 839 2710 solutoris
857 2660 926 2710 suut

343 2754 433 2828 missi,
450 2763 482 2812 ut
496 2754 645 2812 solverent
665 2752 810 2830 stipendia
829 2752 928 2812 militi-

344 2855 399 2914 bus
414 2855 571 2926 exereitus,
586 2866 615 2913 et
630 2854 660 2912 in
676 2855 856 2932 exportanda
874 2873 927 2932 pe·

343 2961 429 3015 cunia
442 2957 477 3014 ad
490 2966 582 3016 eastra
596 2973 603 3013 :
618 2967 731 3032 septem
746 2955 825 3014 mille
836 2953 928 3014 oetio-

342 3057 423 3133 genti
439 3056 634 3132 quodraginta
651 3067 710 3113 tres
725 3055 855 3114 coronati
873 3055 927 3114 tri-

342 3158 422 3234 ginta
437 3175 487 3216 sea
503 3155 619 3217 stuleri.
967 3155 1046 3216 7845
1062 3174 1122 3215 eor.
1139 3159 1177 3217 56
1193 3167 1229 3216 st.

386 3259 515 3318 Diversis
533 3257 668 3335 personis
683 3257 719 3314 ad
743 3256 861 3334 negocia
878 3275 925 3316 se·

343 3371 420 3420 oreta
434 3360 463 3419 in
477 3378 540 3419 rem
554 3358 661 3437 Regiae
674 3357 839 3428 Maiestatis,
851 3376 928 3434 quae

344 3460 485 3520 declarari
501 3479 559 3518 nou
571 3458 808 3536 expedit‚rleec1n
820 3468 850 3518 et
862 3470 928 3518 octo

345 3562 424 3622 mille
436 3573 554 3622 centum
567 3561 717 3638 sexaginta
731 3579 780 3620 sex
797 3561 928 3620 coronati

345 3664 464 3744 triginta
483 3663 616 3742 quinque
634 3661 740 3721 stuleri
762 3673 827 3721 octo
849 3661 928 3721 oboli

345 3765 466 3825 inclusis
477 3775 543 3825 octo
555 3765 634 3824 mille
645 3764 781 3823 ducentis
794 3763 928 3840 quinquo

345 3866 491 3927 coronatis
527 3867 660 3944 quinque
695 3865 816 3925 stuleris
852 3863 927 3924 datis

346 3968 470 4048 Georgio
489 3968 590 4027 Setino
610 3967 705 4046 legato
725 3966 842 4044 reginae
856 3965 928 4026 Sco·

345 4071 412 4130 tiae.
969 4066 1069 4127 tutet
1090 4083 1151 4126 cor.
1171 4065 1210 4124 ot
1230 4074 1267 4124 st.
1285 4067 1313 4124 8=
1326 4061 1374 4123 ob.
