3134 4926
782 383 910 484 (aa)

338 566 521 664 peturiorum
543 584 694 644 custodiae
716 583 801 644 ducis
819 585 925 645 Albani

338 687 515 764 inceperunt
524 701 641 745 merere
652 684 770 745 diverso
782 694 928 765 tempore,

340 785 475 848 videlicet
490 795 579 846 :octo
600 794 810 846 veteranorum
831 787 928 865 galea-

342 896 450 960 torum,
465 905 541 965 quae
555 885 675 946 inerant
689 887 719 947 in
735 886 922 962 lombardia,

339 998 520 1066 acceperunt
533 1005 585 1046 soa
600 985 748 1064 stipendia
766 1007 782 1047 a
804 989 922 1048 Nicolao

340 1088 391 1147 Cid
407 1089 576 1168 praeposito
590 1089 698 1148 aerarii
709 1098 804 1150 status
816 1088 924 1150 Medio·

340 1190 470 1250 lanensis
492 1188 644 1268 usquead
670 1189 804 1250 ultimam
828 1193 925 1251 martii

341 1292 454 1352 LXVll.
470 1292 573 1352 Postea
588 1289 715 1351 diversis
730 1290 835 1352 diebus
851 1293 928 1369 apri·

343 1393 377 1452 lis
397 1403 427 1452 et
444 1390 577 1470 ejusdem
594 1393 663 1451 maii
678 1392 790 1451 collecti
806 1401 876 1451 sunt
892 1393 926 1452 ad

341 1512 445 1554 eorum
456 1493 655 1555 additamenta
668 1494 792 1553 trecenti
807 1495 927 1571 triginta

343 1602 402 1653 tres
414 1594 591 1672 milites,qui
604 1613 662 1654 una
674 1613 742 1654 cnm
753 1594 818 1654 aliis
832 1595 928 1655 tribus

343 1695 451 1755 turmis
476 1714 530 1773 per
553 1693 672 1755 eosdem
698 1695 761 1754 dies
787 1695 923 1755 donoro

342 1795 470 1856 collectis
486 1807 666 1874 occeperunt
681 1814 732 1854 sua
748 1795 895 1872 stipendia
911 1817 925 1855 a

343 1897 494 1976 praedicto
505 1896 636 1958 solutore
647 1897 684 1957 ab
696 1896 806 1958 eisdem
818 1897 932 1971 diebus,

343 1999 453 2076 quibus
473 1998 593 2059 admissi
614 1999 737 2060 luerunt
755 1998 793 2059 ab
812 2000 929 2079 inspec-

345 2111 408 2160 tore
426 2101 557 2180 generali
574 2113 604 2160 et
617 2110 776 2178 quaestore
795 2101 930 2180 ejusdem

343 2210 437 2260 status
453 2199 679 2261 Mediolanensis
696 2201 842 2278 usquead
859 2203 929 2262 ulti·

345 2321 424 2362 mam
439 2302 571 2380 ejusdem
587 2303 667 2374 maii,
677 2303 754 2363 etab
766 2306 874 2390 codem!
884 2303 931 2363 dic

345 2423 461 2465 merere
493 2405 581 2464 simul
617 2404 791 2485 inceperunt
826 2424 931 2490 omnes

346 2506 491 2565 undecim.
502 2507 581 2564 Duas
596 2507 667 2564 alias
682 2505 798 2582 collegit
813 2507 935 2565 Saucius

345 2610 931 2671 deAvilahastatorumalterumaltcram

347 2712 467 2792 triginta
481 2711 726 2791 sclopetariorum
747 2712 782 2770 ad
800 2712 931 2789 praedic-

347 2825 405 2873 tam
428 2811 651 2882 custodiam;hi
675 2831 792 2872 merere
815 2814 931 2891 incepe-

348 2926 452 2974 runta
472 2934 478 2973 ι
496 2915 561 2991 julii
585 2915 717 2992 ejusdem
737 2915 808 2973 anili
829 2915 938 2986 LXVll,

347 3016 401 3074 alia
417 3015 491 3091 Lupi
507 3014 544 3074 de
560 3016 660 3073 Acuno
682 3014 779 3072 locum
804 3014 932 3073 tenentis

348 3118 379 3176 in
396 3117 546 3196 praedicto
560 3114 692 3191 equitatu
711 3135 726 3173 a
743 3134 749 3173 i
766 3113 933 3175 decembris

348 3221 531 3299 insequentis
565 3221 598 3278 ln
621 3217 706 3278 initio
733 3218 842 3277 mensis
867 3219 933 3277 maii

347 3325 418 3384 anni
430 3324 546 3384 LXVlll
559 3330 754 3380 venerantes
767 3320 857 3379 Gallio
873 3333 933 3381 tres

349 3437 464 3484 turmae
477 3424 627 3492 italorum,
639 3441 715 3500 quae
727 3441 843 3483 merere
857 3423 933 3481 ince-

349 3538 460 3606 perunt
478 3547 494 3585 a
510 3545 518 3594 l
533 3524 676 3603 ejusdem.
695 3525 935 3600 (inclementiae

349 3637 512 3707 supersunt
532 3626 568 3685 ad
592 3625 755 3703 praedictos
780 3624 881 3684 decem
905 3633 934 3682 et

350 3747 468 3803 novem,
488 3728 626 3789 collectae
648 3726 773 3786 luerunt
793 3745 841 3786 xvi
865 3727 933 3785 maii

349 3829 420 3889 orani
441 3830 525 3901 Lxx,
539 3846 615 3905 qliae
635 3845 739 3887 omnes
763 3828 932 3905 persolutae

349 3939 429 4004 sunt,
447 3929 583 3989 videlicet
597 3948 607 3988 t¹
620 3929 733 4001 decem,
752 3946 829 4005 quoe
847 3927 930 4004 jussu
988 3982 993 3992 ,,
1016 3981 1019 3990 ,
1070 3993 1072 4006 ,
