3134 4926
610 458 739 566 (st)

168 662 372 741 septingentos
407 664 623 743 quinquaginta
661 683 753 724 unum

168 775 324 824 coronatos
339 764 442 844 viginti
458 776 571 845 septem
585 765 715 826 stuieros
727 776 756 825 ot

169 885 220 926 sex
236 885 383 939 nummos,
399 868 479 944 quod
494 869 623 927 solatum
645 879 689 926 est
705 887 759 946 per

171 968 298 1028 cundem
336 968 497 1028 solutorem
533 969 759 1042 mercatoribus,

129 1067 145 1114 ὃ
171 1070 221 1146 qui
251 1070 282 1128 in
312 1068 478 1129 Londinum
508 1089 572 1131 eam
602 1071 760 1149 pecuniam

172 1183 381 1247 procurarunt.
801 1173 897 1234 istst
917 1192 976 1234 cor.
993 1174 1031 1234 nt
1047 1185 1083 1234 st.
1100 1175 1117 1232 6
1133 1174 1181 1234 ob.

174 1387 323 1448 Adventus
352 1390 479 1469 Repiaac
514 1388 548 1448 ic
583 1386 633 1448 bos
663 1399 758 1450 status

172 1503 196 1551 et
218 1488 306 1551 ttttaa
331 1492 489 1572 aaaiqatio
511 1491 543 1551 ia
565 1491 760 1572 Hispaniam.

215 1653 273 1712 Pro
288 1651 426 1729 expensis
441 1653 471 1711 in
486 1652 614 1712 adventu
630 1653 760 1732 Reginae

119 1758 149 1806 ⁴0
176 1754 257 1814 iactis
274 1765 332 1813 tam
343 1750 356 1827 ΙΙ
366 1753 395 1812 in
412 1753 537 1814 theatris
553 1754 671 1834 ignibus
686 1756 760 1813 arti·
794 1833 797 1842 Ι

175 1856 321 1916 ficiaiibus
337 1856 470 1916 excitatis
484 1858 514 1916 in
530 1855 642 1936 oppido
664 1857 761 1915 Nime·

173 1977 226 2037 gae
238 1970 267 2018 et
280 1958 375 2016 tribus
387 1956 519 2018 millibus
532 1962 671 2018 trecentis
682 1976 765 2016 coao-

176 2060 251 2118 natis
263 2057 338 2118 datis
352 2059 446 2118 tribus
458 2060 619 2138 capitaneis
630 2059 762 2146 pediturn

177 2161 379 2240 Hispanorum
391 2161 425 2219 ad
440 2162 579 2220 vestitum
588 2170 763 2220 stornatum

121 2280 150 2326 ts
176 2283 301 2324 suorum
323 2264 462 2338 miiitum,
491 2278 522 2324 ut
547 2265 765 2343 egrederentur

175 2365 294 2424 obviam
306 2366 446 2444 Reginae,
454 2377 482 2424 et
494 2367 523 2425 in
538 2365 650 2444 praelio
662 2364 766 2424 fictitio

175 2468 205 2525 in
218 2467 322 2526 eodem
335 2467 446 2546 oppido
459 2467 532 2526 inito
544 2485 634 2544 qaam
647 2467 675 2525 iu
689 2467 766 2525 soiu·
851 2491 853 2496 ·

176 2569 255 2627 tione
276 2586 421 2626 curruum
436 2577 466 2629 et
481 2586 639 2644 equorum,
655 2567 766 2644 quibus

175 2680 357 2750 comportata
372 2683 417 2730 est
431 2672 511 2750 rogia
529 2672 684 2750 suppellex
702 2671 766 2729 uni·

119 2784 151 2832 ut)
177 2791 260 2831 versa
272 2772 309 2831 ab
321 2773 424 2831 codem
433 2771 543 2850 oppido
553 2774 659 2851 bergas
670 2789 765 2848 usque

176 2885 205 2936 et
230 2875 260 2933 in
286 2874 351 2934 aliis
365 2874 456 2933 rebus
471 2874 629 2951 ejusmodi,
645 2874 715 2933 item
732 2873 762 2932 in

178 2979 334 3057 torquibus
345 2980 443 3040 aureis
457 2980 536 3040 dono
551 2978 627 3038 datis
639 2978 765 3038 diversis

150 3085 160 3090 ”
179 3080 323 3160 personis,
333 3100 410 3158 quae
424 3081 504 3142 iiiam
519 3082 675 3142 comitatae
687 3091 767 3152 sunt,

178 3195 207 3242 ct
231 3193 297 3242 octo
323 3181 453 3242 millibus
473 3181 657 3242 florenorum
681 3183 768 3241 Petro

120 3296 151 3342 ‘aa
180 3279 336 3342 Hurdunio
378 3281 483 3342 aerarii
526 3285 696 3360 praeposito
740 3291 769 3341 et

178 3385 328 3460 quaestori
343 3385 450 3461 Regiae
466 3383 626 3443 Maiestatis
637 3383 672 3443 ad
687 3383 767 3442 soiu·

179 3487 289 3545 tionem
304 3486 522 3563 stipendiorum
544 3484 766 3545 ordinariorum

178 3596 208 3646 et
222 3586 527 3647 extraordinariorum
555 3590 653 3668 regiae
680 3586 767 3647 iami-

180 3689 244 3758 iiae,
258 3706 386 3765 quorum
403 3690 548 3748 rationem
566 3702 688 3749 tenetur
703 3690 773 3749 red·

121 3803 152 3852 :to
181 3789 261 3863 dere,
284 3790 385 3850 decem
408 3800 438 3850 et
460 3799 525 3851 octo
549 3792 629 3850 mitte
651 3792 771 3850 ducenti

181 3891 328 3969 octoginta
351 3910 428 3951 unus
453 3893 586 3952 coronati
611 3892 769 3951 duodecim

183 3993 299 4052 stuiori.
667 4005 669 4010 ’
813 3996 906 4056 tarot
926 4014 985 4054 cor.
1003 3997 1040 4054 tu
1055 4009 1091 4055 st.

1068 4145 1089 4207 6
