3118 4908
791 443 918 540 (¹0)

633 754 816 838 Exemplum
840 757 1063 820 instructionis.

334 921 424 984 licre:
453 920 545 995 Ordo,
579 943 666 1006 quent
689 946 725 987 cc
749 937 854 988 nostra
884 926 1034 990 ootcntcte
1059 941 1084 990 ct
1102 930 1193 1010 jussu
1218 936 1362 1012 sequeris,

376 1025 535 1086 Francisco
548 1027 675 1089 Liccldi
688 1039 828 1112 quaestor
842 1052 861 1092 c
877 1029 962 1093 nobis
976 1033 1128 1093 constitute
1142 1036 1239 1092 nostri
1255 1035 1366 1092 cccroi·

378 1133 438 1203 tus,
455 1145 539 1208 quem
553 1125 658 1211 oolliqi
665 1131 829 1211 jussimus,
845 1142 886 1192 cst
902 1134 939 1212 is,
958 1133 1011 1213 qui
1024 1137 1187 1215 sequitur:

378 1304 510 1366 Primum
533 1308 655 1370 habebis
670 1311 781 1372 librum
797 1313 974 1390 peculiarem
990 1315 1140 1374 rationum
1156 1313 1186 1374 iu
1208 1313 1279 1374 lolio
1294 1331 1363 1392 pet·-
1388 1314 1404 1362 tt

337 1403 478 1481 loretum,
505 1408 536 1466 in
561 1428 620 1485 quo
646 1411 835 1472 constituaris
862 1413 980 1473 debitor
1003 1413 1101 1474 omnis
1128 1414 1271 1490 pecuniae
1294 1432 1311 1472 a
1337 1425 1365 1472 te

336 1517 473 1582 acceptae
497 1519 527 1566 et
554 1519 619 1569 tuac
646 1514 781 1588 potestati
809 1515 934 1574 traditae
962 1515 992 1572 in
1020 1515 1197 1574 solutionem
1224 1513 1366 1592 praedicti

337 1606 486 1666 exercitus
507 1617 558 1667 aut
579 1611 609 1669 in
631 1611 721 1671 alium
744 1615 880 1690 quemvis
903 1633 1000 1682 usum,
1022 1631 1163 1690 expresso
1178 1624 1365 1672 monetarum

339 1705 449 1779 valore,
470 1708 500 1766 in
526 1709 636 1786 quibus
661 1711 714 1772 tibi
740 1713 832 1773 luerit
856 1728 1022 1786 numerata,
1051 1731 1173 1773 sumens
1197 1713 1366 1790 exenrplum

340 1803 618 1886 chirographorum,
633 1830 708 1889 quae
723 1813 853 1886 dederis,
872 1813 1095 1893 obsignatorem
1117 1831 1221 1873 eorum
1238 1814 1368 1884 nomine,
1393 1821 1423 1869 to

342 1906 392 1982 qui
417 1926 481 1966 cain
508 1910 563 1972 tibi
587 1913 744 1990 pecuniam
772 1926 981 1987 numerarunt,
1004 1925 1037 1974 ut
1063 1933 1117 1993 per
1142 1913 1243 1974 cadem
1274 1914 1368 1991 possis

341 2020 442 2085 postca
470 2013 570 2071 testari
592 2021 678 2072 tuum
700 2014 846 2074 debitum.
875 2014 989 2074 celeres
1013 2033 1131 2094 quaque
1152 2014 1237 2074 inea
1260 2012 1369 2085 debita,

343 2111 482 2185 quicquid
511 2114 705 2174 emolumenti
731 2125 783 2175 aut
809 2116 943 2176 utilitatis
973 2135 1009 2174 cr
1033 2115 1136 2174 maiori
1166 2115 1370 2173 aestimatione

346 2222 533 2272 monetarum
554 2215 678 2276 venerit.
696 2216 770 2274 lllud
796 2234 914 2294 semper
938 2215 1119 2285 observabis,
1144 2227 1176 2274 ut
1199 2215 1370 2273 universam

342 2312 488 2373 eiusmodi
504 2313 658 2392 pecuniam
681 2335 742 2376 non
757 2317 842 2377 aliter
857 2337 946 2395 quarn
969 2315 1175 2395 praesentibus
1190 2323 1220 2375 et
1238 2317 1368 2375 interve·
1396 2329 1426 2376 tc

344 2412 496 2474 aientibus
510 2417 677 2494 inspectore
692 2431 794 2478 nostro
807 2420 949 2498 primario
965 2429 994 2479 et.
1005 2416 1369 2497 quaestoribus‘pracdicti

343 2516 490 2576 exercitus
505 2519 642 2596 accipias3
659 2517 683 2578 si
702 2518 787 2579 aliter
800 2523 958 2597 acceperis,
979 2521 1069 2580 multa
1086 2519 1144 2580 erit
1158 2518 1369 2598 quadruplum.

385 2616 458 2675 ltcm
474 2617 587 2678 reseres
611 2620 640 2677 in
664 2619 809 2678 rationem
830 2638 949 2679 omnem
971 2619 1127 2698 pecuniam
1148 2619 1202 2679 abs
1224 2617 1371 2677 tedatam

343 2719 470 2780 solutam
486 2732 515 2780 et
529 2721 728 2792 distributam,
743 2728 894 2798 quae'non
912 2723 999 2781 aliter
1009 2721 1061 2781 abs
1078 2731 1106 2781 to
1120 2723 1176 2780 erit
1189 2720 1372 2780 numeranda

345 2839 432 2897 quam
458 2821 494 2881 ad
519 2820 713 2904 chirographa
739 2835 791 2883 aut
811 2824 959 2900 jussorias
984 2822 1140 2882 solutionis
1166 2822 1265 2882 literas
1290 2821 1373 2880 ducis
1398 2833 1428 2878 so

345 2923 450 2982 Albani
479 2923 612 3001 primarii
646 2927 738 2984 nostri
772 2925 855 2984 ducis
888 2923 1029 3003 praedicti
1058 2922 1207 2983 exereitus
1239 2922 1314 2980 lacta
1343 2930 1373 2980 et

344 3022 492 3102 descripta
517 3043 571 3102 per
596 3025 759 3103 praedictos
786 3036 958 3103 quaestores
982 3033 1012 3083 et
1037 3025 1152 3083 ratione
1177 3033 1294 3099 accepte
1321 3041 1373 3100 per

346 3126 528 3204 praedictum
544 3138 678 3186 nostrum
693 3127 893 3205 inspectorem
910 3126 1097 3204 primarium,
1112 3125 1163 3203 qui
1179 3124 1268 3184 etiam
1284 3133 1373 3183 testa-

344 3227 426 3287 bitur
439 3226 617 3286 solutionom
633 3245 664 3286 se
687 3239 842 3304 praesente
860 3245 924 3286 esse
938 3225 1056 3285 iactam
1074 3225 1161 3298 Quod
1174 3237 1273 3284 autem
1290 3242 1374 3300 prae-

344 3340 390 3389 ter
405 3327 487 3387 hunc
501 3326 636 3387 ordinem
652 3327 704 3388 abs
727 3340 754 3388 te
770 3328 861 3387 luerit
885 3327 1089 3401 distributum,
1105 3345 1165 3386 non
1189 3325 1374 3394 admittetur,
1399 3337 1429 3384 tt

346 3448 444 3506 neque
457 3428 617 3507 recipietur
631 3429 661 3487 in
678 3427 816 3490 rationes.

387 3528 629 3605 Quotiescunque
643 3527 784 3606 praedicti
803 3529 954 3606 inspector
971 3537 1002 3587 ct
1016 3537 1188 3603 quaestores
1201 3545 1217 3584 a
1232 3536 1260 3585 tc
1276 3536 1375 3602 postu·

348 3631 474 3690 laverint
487 3629 632 3688 rationem
655 3641 789 3708 acceptae
812 3641 842 3689 et
861 3629 1038 3688 distributae
1054 3626 1206 3705 pecuniae,
1226 3624 1375 3685 teneberis

347 3731 471 3792 reddere
485 3741 543 3791 tam
559 3729 695 3798 distincte
710 3741 739 3790 et
755 3731 954 3808 peculiariter,
968 3747 1057 3806 quam
1073 3727 1129 3807 ipsi
1144 3726 1305 3788 voluerint.

388 3831 467 3892 Nihil
481 3831 576 3893 solves
592 3833 643 3891 ulli
660 3832 789 3892 militum
805 3842 858 3890 aut
871 3830 919 3889 alii
934 3829 1111 3904 cuicumque
1130 3845 1166 3887 ex
1181 3829 1313 3887 exercitu
1330 3827 1374 3885 vel
1402 3838 1434 3886 ut

350 3933 489 4014 stipendii
518 3935 563 3993 vcl
592 3933 691 3995 auxilii
722 3934 843 3992 nominc
868 3934 914 3991 vcl
940 3932 999 3991 ulla
1023 3931 1080 3990 alia
1105 3931 1221 3990 radone
1243 3931 1299 3989 nisi
1324 3947 1377 4008 por

349 4037 449 4097 literas
470 4035 625 4097 solutionis
645 4035 788 4112 jussorias
812 4033 955 4112 praedicti
974 4035 1068 4093 nostri
1087 4032 1170 4092 ducis
1190 4033 1324 4112 primarii
1344 4032 1375 4091 iu
