3144 4920
662 429 814 529 (tat)

251 628 308 686 l’ro
332 627 470 706 expensis
496 628 578 687 laetis
600 627 630 686 in
654 629 798 688 mittenda

212 728 336 805 pecunia
351 729 387 787 ad
402 728 518 788 diversa
535 730 606 788 looa.
845 730 900 790 ll7
916 750 975 791 eor.
992 734 1029 794 57
1046 744 1082 793 st.

253 829 326 888 ltem
348 841 462 908 septem
484 830 563 888 mille
585 830 709 890 trecenti
726 849 797 908 qua·

212 930 346 1009 draginta
369 931 499 990 coronati
522 931 798 1010 trigintaquinque

170 1042 186 1092 5
211 1032 326 1106 stoloni,
345 1050 419 1110 quos
437 1032 517 1108 apud
539 1051 570 1091 se
592 1032 717 1092 retinuit
740 1034 799 1092 l'u-

210 1133 320 1193 charus
339 1152 394 1212 pro
413 1152 474 1194 non
489 1135 582 1193 soluta
598 1152 615 1193 a
631 1135 801 1194 mercatori·

211 1233 266 1294 bus
282 1235 406 1313 pecunia
421 1253 457 1294 ex
474 1235 700 1314 prolongatione
716 1237 797 1295 solu-

210 1335 309 1408 tionis,
323 1354 381 1413 qua
397 1336 550 1396 fruuntur.
836 1338 916 1399 tsto
930 1356 990 1400 eor.
1008 1340 1046 1399 st
1062 1351 1098 1400 st.

252 1439 293 1496 Ex
319 1436 423 1496 ordine
446 1439 637 1496 dominorum
658 1437 796 1496 consilia·

157 1545 186 1594 to
211 1538 326 1597 riorum
355 1538 450 1597 curati
474 1550 544 1597 sunt
565 1556 645 1598 xxva
662 1538 741 1616 junii
767 1539 798 1598 ia

213 1638 396 1699 llollandiam
425 1638 461 1698 ad
491 1638 731 1698 distribuendum
760 1640 797 1704 ad

210 1740 310 1799 literas
325 1739 439 1799 domini
454 1739 490 1798 de
507 1740 626 1817 lliorges
641 1739 746 1799 loanni
759 1740 795 1799 de

210 1840 371 1900 Onaindria
383 1840 500 1899 officiali
512 1841 645 1919 ejusdem
658 1842 797 1901 solutoris

211 1938 364 2002 corotiati:
844 1942 944 2002 50769
960 1962 1019 2002 eor.

156 2052 187 2101 ts
253 2042 795 2119 ltemCoroneliMandragoniocurati

211 2155 301 2204 sunt:
844 2145 997 2211 5000oor.

253 2246 339 2308 Dom.
353 2243 390 2304 de
406 2243 515 2322 L0j0n0
526 2242 564 2302 ad
574 2243 740 2303 subsidium
752 2245 798 2302 sui

211 2346 379 2426 regimenti.
837 2348 917 2407 6155
932 2366 991 2407 eor.
1008 2350 1046 2407 55
1061 2360 1098 2408 st.

253 2446 435 2507 officialibus
474 2457 504 2505 et
539 2446 682 2506 militibus
723 2446 799 2506 areis

156 2557 188 2606 to
212 2548 441 2625 Antwerpianae
466 2548 503 2607 ad
527 2546 628 2607 literas
643 2547 800 2607 solutionis

208 2650 293 2730 juxta
313 2652 464 2728 specimen
484 2663 671 2726 acceptuma
693 2667 801 2725 quaes·

213 2761 276 2812 tore
291 2748 452 2811 stamedio.
841 2751 920 2810 4845
935 2770 994 2811 eor.
1011 2755 1043 2812 ‘ll
1064 2763 1101 2812 st.

253 2854 337 2911 Dom.
351 2849 517 2910 Alexandro
532 2850 665 2910 Tonallio
680 2851 716 2908 ad
733 2849 800 2910 lite-

211 2971 260 3012 ras
274 2951 443 3012 solutorias.
841 2950 901 3011 055
915 2970 974 3012 cor.

156 3067 187 3117 ss
252 3050 796 3129 loannilssuntioadsumptusolassis.
841 3053 940 3114 torto
954 3072 1014 3112 eor.
1031 3056 1069 3114 16
1084 3065 1120 3114 st.

251 3154 318 3215 Arei
338 3154 533 3214 Valeneianae
547 3172 601 3232 per
616 3153 796 3214 Matthaeum

212 3257 357 3317 Fortium.
842 3259 902 3318 520
916 3276 975 3317 aar.

252 3355 382 3418 Solutori
398 3364 617 3415 tormentorum
638 3354 674 3414 ad
695 3375 801 3416 eorum

214 3476 367 3536 expensas.
843 3459 901 3518 tta
915 3476 976 3518 eor.

159 3576 190 3626 so
255 3561 312 3620 Sex
348 3559 455 3618 turmis
496 3558 652 3638 tegimenti
681 3556 804 3617 Comitis

216 3661 387 3723 Hannibalis
399 3661 568 3739 Daltempes
579 3660 732 3720 insulanis.
842 3664 923 3722 6000
937 3681 995 3722 eor.

256 3766 377 3842 Septem
390 3762 496 3821 turmis
511 3760 669 3839 regimenti
681 3762 804 3822 Baronis

215 3864 415 3944 Fronsbergii.
565 3941 570 3948 ι
844 3865 923 3925 7700
942 3884 993 3925 cor

254 3968 391 4042 Quatuor
406 3962 511 4025 turmis
527 3963 701 4024 Eberstninii
715 3983 801 4041 prue-
