3134 4926
190 663 288 716 tarum
348 667 569 735 argentomum,
627 660 778 736 quomoda

189 767 327 836 acceptae
352 758 437 819 suere
461 780 477 819 a
502 761 718 820 mercatoribus
740 763 775 820 ad

191 871 346 919 coronatos
365 871 501 920 enecatos
527 861 556 921 in
582 881 667 934 auro,
688 883 777 939 quiam

193 978 248 1039 pro
262 963 405 1040 temporis
418 962 563 1023 brevitate
577 973 606 1023 et
620 965 779 1024 securitate

152 1072 167 1118 5
192 1062 324 1141 ejusdem
341 1065 495 1148 pecuniae,
510 1077 544 1124 nt
558 1066 729 1126 deferretur
740 1067 774 1125 ad

138 1202 144 1212 ·
191 1177 296 1237 castra,
306 1165 355 1224 nbi
367 1165 571 1227 distribuenda
585 1179 732 1241 cr·at‚cnm
747 1187 782 1227 eo

193 1275 407 1346 temporeque
419 1268 569 1328 amandati
585 1270 778 1342 inornantur

193 1368 260 1428 lites
276 1369 439 1428 noluerunt
459 1370 594 1448 accipere
616 1360 781 1447 praedictos

193 1481 350 1530 coronatos
375 1488 410 1530 eo
433 1473 539 1548 pretio,
556 1489 618 1548 quo
638 1473 779 1531 constite-

141 1578 171 1625 tu
196 1573 316 1631 rant.Et
328 1590 364 1630 ne
376 1580 493 1649 tempus
508 1572 618 1632 frustra
632 1584 781 1633 tereretur

196 1671 227 1732 in
244 1673 352 1750 Regiae
370 1672 529 1732 Maiestatis
548 1673 780 1745 incommodum,

197 1774 326 1834 concessi
364 1773 419 1833 illis
455 1774 540 1834 inere
575 1775 690 1850 maiori,
726 1794 785 1852 qno

146 1861 148 1868 Α
199 1878 296 1954 potnit
311 1876 387 1952 lieri,
401 1878 507 1956 pretio.
525 1859 604 1938 llaec·
618 1878 710 1957 igitur
719 1879 782 1956 jac·
838 1885 842 1894 “

200 1991 285 2037 turae
309 1976 475 2038 effecerunt
495 1997 642 2038 summam
662 1989 789 2056 quatuor

146 2085 174 2131 ¹5
200 2079 324 2138 millium
340 2091 459 2138 centnm
476 2079 788 2156 octuagintaquinque

198 2191 408 2240 coronatorum
432 2180 551 2258 triginta
577 2199 626 2239 sex
654 2180 784 2242 stnlero-
1086 2224 1088 2230 ·

198 2300 276 2341 rnm.
824 2285 906 2344 ttae
921 2302 981 2344 cor.
997 2283 1036 2342 36
1052 2294 1089 2342 st.

239 2385 348 2445 lacobo
359 2386 395 2445 de
408 2385 556 2460 Gueimm,
571 2387 671 2464 quiex
684 2386 789 2448 ordine

202 2486 293 2546 Ducis
306 2486 412 2545 Albani
429 2497 458 2545 et
472 2487 536 2546 loco
551 2488 684 2565 ejusdem
706 2489 788 2547 soln-

148 2601 177 2648 eo
203 2586 277 2646 toris
298 2581 449 2666 proiectus
473 2596 520 2647 est
545 2589 575 2646 in
600 2587 734 2664 Galliam,
757 2599 790 2647 nt

203 2688 316 2748 adesset
333 2689 432 2748 comiti
448 2689 664 2748 Manaveldensi
681 2691 711 2749 in
727 2689 790 2749 olli·

202 2791 247 2850 eio
274 2790 414 2850 solutoris
442 2803 500 2850 tam
527 2792 562 2850 ad
588 2791 790 2870 recipiendam

203 2890 360 2970 pecuniam
399 2890 429 2950 in
470 2892 591 2951 Galliam
634 2893 789 2952 remissam

202 3011 293 3072 qnam
314 2993 344 3051 in
364 2989 457 3071 ipsius
476 2993 693 3062 distributione,
708 2991 792 3070 juxta

151 3109 180 3157 25
206 3091 636 3174 instructionesipsiexhibitas
648 3092 795 3171 adsump-

207 3206 263 3264 tus,
272 3213 347 3273 qnos
359 3193 429 3255 lecit
440 3204 498 3254 tam
512 3195 541 3254 in
555 3194 794 3255 itineribns'cele-

208 3295 293 3356 ribus
319 3297 403 3374 equis
423 3295 565 3367 conlectis
585 3295 621 3356 ad
646 3298 735 3356 multa
766 3307 796 3357 et

208 3398 324 3457 diversa
344 3385 404 3458 loca
426 3397 558 3476 ejusdem
575 3398 691 3459 comitis
709 3397 794 3476 jussu

211 3517 264 3577 pro
279 3499 479 3576 acceptatione
494 3511 524 3559 et
539 3499 708 3578 receptione
720 3498 796 3578 ejus·

153 3617 184 3666 an
209 3601 277 3659 dem
290 3600 433 3679 pecuniae
445 3610 474 3660 et
489 3599 662 3663 devectione
674 3599 753 3659 illins
765 3599 795 3658 in

210 3712 305 3761 castra
325 3710 357 3761 ot
377 3701 407 3760 in
431 3701 495 3760 aliis
516 3701 619 3761 olliciie
642 3713 671 3760 et
695 3719 797 3760 neces-

211 3801 295 3862 sariis
310 3801 400 3862 rebus
412 3810 442 3862 ct
453 3803 483 3862 in
496 3821 585 3862 curru
600 3802 697 3862 tribus
713 3802 797 3880 equis

211 3916 314 3977 tracto,
336 3923 424 3981 quem
447 3904 647 3964 circumduxit
672 3912 734 3963 toto
763 3922 798 3962 eo

211 4012 346 4082 tempore
371 4024 438 4064 cnm
469 4004 602 4082 pecunia,
628 4023 717 4082 qnam
746 4003 826 4091 pro·¹
