3118 4908
820 452 948 549 (ἳῖ)

356 665 447 706 evena
460 647 533 724 ipsis
544 647 673 708 exhibite
687 668 742 728 per
755 651 900 712 Joennom

323 731 326 736 ¹
356 749 526 827 Corpeiium
551 751 753 828 praepositum
776 751 899 812 elimen-

354 859 465 908 tornm.
947 856 1026 914 4890
1040 874 1099 915 cor.
1120 857 1157 916 to
1172 868 1208 916 st.
1224 861 1242 916 8
1257 858 1305 919 ob.

397 951 548 1028 Ducentos
590 953 749 1030 nonaginta
785 965 897 1030 septem

356 1051 825 1131 millequingentosetnonegintu
839 1063 899 1112 tres

355 1163 510 1213 coronatos
526 1164 555 1212 et
575 1153 702 1213 sedecim
724 1155 855 1214 stnseros
870 1165 899 1214 et

349 1265 482 1328 -quatuor
497 1254 609 1327 obolos,
620 1273 695 1331 quos
709 1257 822 1333 aceepit
837 1257 897 1314 ins-

353 1354 433 1413 sibus
445 1354 529 1413 ducis
544 1354 649 1414 Albani
664 1376 679 1414 s
695 1359 897 1416 commissario

353 1457 477 1514 Mertino
497 1457 602 1534 Bergio
623 1466 781 1532 quaestore
802 1478 908 1535 gene<

353 1559 406 1615 roii
420 1557 661 1616 confiscationnm
676 1559 782 1637 Regiae
795 1560 896 1619 Mnies-

354 1659 421 1716 totis
446 1659 475 1716 in
500 1658 547 1716 his
573 1658 699 1718 statibus
722 1660 750 1716 in
774 1660 895 1718 diversis

353 1765 532 1818 summissu
546 1760 896 1820 nrartiiannittunxtx
1054 1821 1058 1826 ,

352 1879 445 1936 usque
460 1861 495 1918 nd
510 1862 592 1919 Xliil
609 1862 778 1919 novembris
795 1864 890 1920 LXXi.
934 1867 1053 1924 scions
1068 1885 1130 1925 eor.
1154 1869 1188 1926 to
1208 1878 1241 1925 st.
1259 1871 1277 1925 t
1292 1868 1340 1929 oi).
1393 1889 1398 1896 ·

392 1961 540 2020 Ducentos
560 1961 662 2039 viginti
682 1971 747 2020 osto
767 1961 846 2020 milio
868 1977 896 2021 et

351 2062 493 2120 ducentos
505 2064 652 2139 octoginta
667 2071 726 2120 tres
737 2073 894 2122 coronatos

225 2143 251 2154 '⁵
276 2144 280 2154 ⁴
350 2173 379 2220 et
394 2161 548 2220 duodecim
568 2162 697 2220 stuieros
713 2182 763 2220 sex
784 2163 897 2235 obolos,

350 2281 424 2337 qtros
450 2263 568 2320 Livinus
591 2263 729 2320 Wsuters
754 2275 896 2338 quaestor

349 2363 493 2440 generalis
522 2362 671 2438 regiarum
698 2361 893 2420 [inaneiornrn

349 2463 516 2522 numeravit
539 2461 661 2521 diversis
679 2463 893 2522 mercatoribus

349 2583 403 2642 pro
421 2563 521 2625 eodem
540 2566 727 2640 persolutore
742 2564 778 2622 ud
794 2566 895 2624 literas

347 2666 502 2726 solutionis
518 2667 663 2743 jussorias
685 2666 769 2724 ducis
786 2666 890 2724 Albani

347 2787 381 2828 ex
394 2787 436 2841 eo,
448 2768 526 2842 quod
540 2777 694 2844 receptum
707 2779 770 2826 eret
783 2786 817 2826 ex
834 2768 894 2845 pri·

346 2888 392 2926 nis
417 2869 564 2926 sointione
595 2868 748 2926 centesimi
779 2867 893 2926 denarii

344 2972 452 3047 Regiae
467 2971 608 3029 Maiesteti
628 2971 758 3029 concessi
774 2969 811 3029 ab
831 2981 890 3028 stn=

326 3071 423 3146 ,tibus
439 3091 457 3128 v
472 3071 614 3130 februarii
631 3072 780 3129 M.D.LXX
796 3071 833 3129 ad
849 3091 893 3129 rn-

346 3174 439 3230 tiones
455 3173 529 3250 ejus,
544 3172 623 3248 quod
636 3172 707 3249 ipsis
724 3171 889 3231 debebatur

345 3293 379 3332 ex
394 3272 524 3352 negociis
537 3272 659 3331 cambiis
676 3272 809 3331 fineneiis
822 3292 888 3331 eum

344 3375 414 3451 ipsis
426 3376 497 3434 sctis
509 3375 630 3433 nomine
642 3375 748 3452 Regiae
757 3375 889 3434 Maiesta-

346 3477 393 3548 tis,
418 3475 503 3550 enjus
529 3474 615 3532 ctiam
643 3473 786 3550 pecuniae
811 3473 889 3534 idem

344 3575 750 3654 persolutornominstusest
761 3576 889 3634 creditor

344 3677 375 3734 in
390 3676 561 3753 receptione
573 3674 678 3734 horum
695 3675 843 3735 rationum
856 3677 886 3734 in

344 3776 632 3836 solutionibusiectis
641 3775 797 3854 praedietis
811 3795 887 3834 mer-

344 3876 502 3948 catoribus,
514 3877 635 3937 inclusis
647 3897 766 3955 quoque
782 3877 886 3955 viginti

344 3998 450 4039 novem
476 3978 604 4038 miiiihus
630 3979 764 4037 ducentis
786 3987 815 4038 et
837 3979 888 4038 tri-
