3144 4920
776 429 931 530 (180)

330 627 456 686 sidiariis
485 611 722 688 Traleotonsibus
746 648 814 688 curn
840 639 917 689 statu

330 729 486 788 coronalis.
960 733 1041 791 1700
1055 750 1115 791 cor.

370 831 505 900 Quatuor
519 830 626 890 turmis
641 829 777 891 Fuoberi.
963 832 1043 892 1500
1060 850 1120 892 oor.
1217 877 1220 884 .

372 930 491 989 Duabus
507 932 614 990 turmis
633 931 738 990 Nivelll
758 931 916 1010 praesidia-

329 1032 380 1090 riis
395 1032 542 1092 coronalis
557 1031 682 1091 Furheri
698 1041 728 1091 et
743 1032 903 1095 Pulvilleri.
966 1037 1045 1096 0000
1060 1052 1121 1093 cor.

369 1135 498 1192 Turmao
536 1135 753 1193 Germanorum
787 1137 917 1195 Montes·

282 1267 285 1272 ·
327 1233 426 1294 dorae.
961 1239 1039 1297 1000
1055 1254 1115 1296 cor.

369 1336 444 1393 ltem
473 1334 560 1393 soluti
596 1354 611 1392 a
646 1335 760 1394 Joanne
789 1335 916 1396 lleurico

328 1435 496 1514 blonprotio
535 1436 666 1495 coronali
706 1436 840 1496 Fuulrero
879 1437 915 1496 ad

327 1539 426 1596 literas
455 1535 645 1596 dominorum
677 1538 914 1597 consiliariorum

328 1658 356 1697 nr
368 1637 456 1715 junii,
470 1655 598 1715 quarum
614 1637 750 1697 habenda
766 1640 822 1698 erit
838 1641 911 1699 ratio

327 1741 364 1800 ad
379 1741 586 1801 liberationem
601 1743 741 1802 solutoris
755 1745 897 1802 coronati.
929 1819 931 1826 y
955 1746 1032 1804 1005
1048 1762 1108 1804 cor.
1124 1746 1163 1804 05
1178 1758 1214 1803 st.

368 1845 442 1902 ltem
474 1843 584 1902 rotanti
605 1863 621 1902 a
641 1845 755 1904 loaune
785 1846 913 1905 llenrico

327 1963 363 2004 ex
388 1945 531 2004 iuteresse
554 1943 773 2022 anticipationis
794 1955 916 2004 contum

326 2045 452 2103 millium
467 2056 676 2103 coronatorum
692 2046 834 2105 coronati.
925 2045 928 2050 ’
953 2047 1031 2106 1115
1047 2063 1107 2108 oor.
1124 2047 1163 2106 05
1177 2061 1217 2110 st.

368 2147 443 2204 ltenl
471 2145 507 2203 ad
537 2145 636 2204 literas
666 2148 823 2205 solutorias
839 2149 917 2204 dom.
961 2188 963 2195 .

327 2237 453 2306 Mioaelis
468 2246 614 2307 Cunilleri.
961 2249 1020 2307 100
1035 2266 1096 2308 cor.

368 2349 441 2406 ltsrn
457 2347 558 2405 decern
580 2347 659 2404 millu
679 2347 785 2407 floreni
804 2348 914 2406 rotanti

326 2468 342 2506 a
369 2449 483 2508 Joanno
509 2447 635 2505 llonriou
662 2447 831 2525 blonprotio
861 2466 915 2526 pro

327 2548 441 2608 civibus
468 2548 625 2622 insulanis,
648 2549 699 2625 qui
722 2550 915 2628 consignandi

327 2661 397 2710 sunt
411 2650 532 2710 Satureio
546 2650 647 2708 Asilae
668 2651 705 2709 ad
730 2652 912 2710 munimenta

324 2749 651 2828 aroisrlntwerpianae.
736 2737 738 2742 ’
954 2753 1033 2812 5108
1047 2755 1196 2813 cor.8st.

366 2855 441 2912 ltem
462 2850 498 2910 ad
518 2853 618 2911 literas
633 2852 791 2912 solutorias
812 2872 830 2912 x
847 2852 914 2929 julli

324 2953 426 3012 decem
442 2952 585 3010 militibus
607 2971 641 3010 ex
664 2964 760 3012 turma
778 2952 913 3012 Damiani

324 3053 449 3113 illorelii.
954 3055 1012 3113 106
1027 3071 1086 3114 cor.

365 3156 410 3215 Ad
431 3154 500 3213 alias
524 3151 623 3213 literas
644 3153 760 3213 cuidam
777 3155 863 3214 militi
879 3173 914 3214 ex

325 3256 432 3316 turmis
448 3255 554 3315 bluntii
569 3255 687 3333 Pagani.
953 3258 991 3316 10
1006 3275 1066 3316 cor.

365 3357 498 3416 Traiecto
511 3355 548 3414 ad
562 3356 730 3416 subsidium
746 3367 912 3417 turmarum

324 3458 524 3535 Hispanorum
537 3456 593 3516 sub
604 3456 792 3517 Montosdooa
804 3456 841 3515 ad
850 3457 913 3517 lite·

325 3579 373 3619 ras
388 3559 555 3620 solutorias.
787 3617 789 3619 ,
953 3561 1013 3620 luo
1028 3579 1087 3621 eor.

365 3663 440 3721 Item
453 3661 612 3738 nonaginta
625 3659 685 3719 duo
697 3661 776 3718 mille
787 3661 910 3720 trecenti

325 3776 439 3842 septem
454 3761 466 3846 ΙΙ
480 3761 613 3821 coronati
655 3762 759 3840 viginti
797 3776 911 3840 septem

324 3863 432 3924 stuleri
446 3863 476 3922 in
488 3862 613 3921 diversis
624 3863 747 3921 summis
759 3861 911 3922 distributi

324 3984 361 4026 ex
386 3964 490 4024 ordino
510 3961 699 4022 dominorum
725 3962 909 4022 consiliario·
1001 3945 1007 3955 “

323 4087 390 4129 rum
406 4078 499 4127 status
515 4065 620 4142 Regiae
636 4065 802 4124 Maiestatis.
951 4066 1050 4128 90507
1066 4086 1126 4129 ror.
1143 4070 1182 4129 07
1197 4082 1232 4130 st.
