3134 4926
643 428 772 526 (75)

301 715 460 778 Auxilium
482 715 514 776 in
538 712 680 778 Galliam.

239 906 345 966 Comiti
354 907 441 965 Petro
454 907 578 965 Ernesto
590 906 627 965 de
640 905 783 964 Mansioid

198 1007 264 1066 duoi
277 1008 419 1086 primario
429 1007 530 1066 auxilii
542 1007 571 1066 in
584 1007 690 1066 Gallias
702 1006 782 1066 ntissi

197 1109 234 1168 ad
248 1107 378 1168 rationes
399 1109 445 1168 sui
467 1108 608 1187 stipendii
635 1119 665 1167 ot
689 1119 783 1168 status

89 1228 90 1231 ¹
158 1212 173 1258 5
198 1207 315 1268 duobus
339 1208 471 1269 millibus
494 1219 613 1268 eentum
637 1221 666 1268 et
688 1228 781 1268 nonn-

197 1311 277 1388 ginta
305 1329 357 1370 sex
385 1309 507 1370 florenis
541 1310 571 1369 in
606 1329 739 1370 mensem
768 1330 784 1369 o

198 1431 235 1470 vn
251 1410 394 1471 februarii
405 1413 476 1471 anni
491 1413 586 1482 txtx,
597 1431 656 1490 quo
669 1431 785 1471 menore

198 1511 309 1588 incepit
341 1512 406 1592 (i),
435 1513 537 1572 deoem
567 1525 597 1572 et
625 1532 676 1572 sex
706 1514 785 1572 ntitte

198 1613 359 1690 octingenti
371 1613 565 1692 quodraginta
578 1605 693 1692 septem
704 1632 787 1672 eono-

145 1727 173 1774 t0
200 1716 261 1774 noti
295 1715 399 1793 viginti
436 1733 543 1774 novetn
580 1715 685 1774 stuieri
718 1733 785 1772 enin

197 1814 321 1875 dimidio
356 1827 386 1875 et
414 1814 533 1875 domino
569 1815 606 1874 do
644 1814 786 1874 Bennvois

198 1917 538 1995 ipsiuslooutntenentie
553 1935 560 1974 t
573 1915 702 1975 octobris
711 1915 799 1991 ojns»

197 2019 265 2079 dem
290 2019 361 2077 enni
387 2037 480 2094 usque
504 2017 541 2076 od
568 2016 659 2076 finem
687 2016 783 2074 mat-tit

152 2100 157 2140 ζ
200 2122 270 2180 enni
298 2121 374 2179 LXX
403 2119 540 2178 trecentis
573 2119 720 2178 coronatis
757 2119 786 2176 in

119 2272 120 2297 ἶ
148 2235 176 2280 to
202 2240 334 2283 mensem
359 2221 440 2280 mitte
465 2220 626 2298 octingenti
645 2221 786 2296 coronati.

121 2392 122 2395 Ἴ
199 2325 305 2384 Omnia
318 2324 406 2383 simol
421 2323 554 2382 officiunt
565 2322 667 2381 decem
679 2333 708 2380 et
720 2334 784 2381 octo

119 2444 120 2447 ’
198 2426 278 2486 millo
292 2435 445 2484 sexcentos
461 2424 656 2502 quodraginta
669 2436 782 2500 sentem

106 2578 108 2581 .
197 2539 353 2588 coronatos
387 2525 493 2605 viginti
519 2543 625 2586 novom
655 2526 787 2583 stusotos
1153 2574 1155 2577 ,

103 2626 105 2631 ’
198 2648 247 2688 sex
264 2645 411 2688 nummos.
533 2660 536 2668 ·
827 2626 925 2711 t8647
948 2627 1062 2684 constiti
1083 2635 1120 2683 st.
1142 2624 1162 2682 6
1183 2625 1232 2682 ob.

145 2745 173 2793 no
239 2731 374 2804 Quotuot·
388 2739 545 2788 ooronetne
559 2727 694 2804 equitum
715 2729 785 2785 Gor·

200 2850 356 2892 manorum
405 2828 612 2889 ritinnistrium
662 2827 785 2886 ioannis

106 2968 107 2973 κ
200 2932 362 2993 Bernhandi
377 2931 500 2991 loannis
522 2931 630 2989 Valenti
655 2929 785 2988 Christo·

200 3034 285 3110 phori
304 3031 439 3108 Soltenok
461 3041 491 3091 et
510 3032 632 3089 ioannis
655 3031 784 3100 Brenthe,

198 3153 275 3213 qnae
290 3134 461 3194 habuerunt
481 3133 561 3192 mitte
581 3131 784 3211 septingentos

160 3253 175 3301 5
199 3247 227 3296 ot
242 3236 343 3296 deoem
365 3247 395 3294 et
415 3245 481 3295 ooto
503 3234 617 3311 equites
633 3252 701 3293 cunt
716 3232 781 3293 aliis

199 3335 785 3417 impedimentisordinariis,ineepenunt

199 3456 315 3496 merere
336 3436 453 3496 divorso
480 3449 623 3512 tempore,
647 3436 783 3494 videlicet

199 3708 338 3770 ini-monto
349 3717 387 3760 est
400 3707 598 3774 ptusgtnnddo
614 3704 664 3755 tto
677 3723 761 3757 coron.
785 3707 826 3756 On
850 3713 915 3772 peut
935 3705 1138 3774 probabt'omont
1155 3702 1219 3756 ottri

197 3804 265 3856 boor
276 3813 344 3856 cetto
357 3802 501 3854 differente
515 3801 529 3854 t
544 3818 597 3854 une
611 3801 683 3853 tauto
697 3818 749 3868 quo
766 3803 789 3853 to
803 3805 904 3869 copisto
915 3817 929 3852 n
942 3801 1068 3852 ootnntise
1078 3818 1110 3850 on
1123 3800 1231 3869 nopttnt

209 3915 238 3952 es
252 3899 378 3951 noinbres
392 3898 559 3966 marginaux.

239 3995 277 4064 (t)
300 3995 334 4046 toi
349 4011 383 4046 on
399 3994 546 4046 ottondnait
556 3997 580 4045 to
592 3993 818 4044 oonnnnniontion
832 3992 867 4043 du
888 4015 904 4040 e·
916 3993 1043 4044 terminus
1062 3993 1098 4044 od
1116 4009 1190 4060 qoem
1204 4013 1228 4042 o.
