3134 4926
576 415 583 432 ·
623 420 731 520 (ut
765 434 784 522 p,

177 616 316 678 habuerit
337 618 374 677 ad
396 618 541 697 integram
564 623 609 680 sui
631 619 872 694 satisfactionem,
894 633 924 682 et
942 621 1014 683 inita
1036 623 1155 687 demum
1182 636 1211 684 et

177 717 363 795 deprebensa
393 720 597 780 aestimatione
628 721 797 798 superantis
833 721 976 798 pecuniae
1004 741 1040 782 aa
1068 723 1210 784 alterutra

178 830 261 898 parte
291 819 461 898 subscripto
485 821 549 900 ejus
579 821 699 882 nominc
735 821 903 901 praedictae
934 815 1141 898 aestimationi,
1179 838 1211 885 ut

175 919 289 998 liquido
307 933 457 999 appareat,
480 940 539 999 quo
559 921 588 980 in
608 933 686 983 statu
709 922 747 984 sit
762 933 792 982 et
808 922 896 982 nobis
910 933 1035 997 constet,
1052 926 1139 986 modo
1154 925 1210 986 boc

135 1032 152 1084 t
177 1019 227 1080 tiat
242 1021 279 1080 ad
295 1020 420 1080 formam
438 1032 552 1082 tantum
566 1022 779 1083 aestimationis
805 1024 888 1083 nulio
914 1026 1024 1104 scripto
1047 1027 1209 1088 earundem

177 1119 326 1181 rationum
342 1123 510 1195 canceiiato,
526 1122 767 1201 quandoquidem
788 1123 860 1184 baec
878 1124 1029 1204 diligentia
1046 1125 1077 1186 in
1094 1128 1209 1188 nulium

176 1223 267 1282 atium
289 1222 378 1282 finem
400 1223 561 1300 suscipitur
580 1222 635 1283 nisi
657 1224 694 1284 ad
716 1234 848 1284 nostram
865 1225 1105 1300 satisfactionem,
1118 1246 1210 1305 quare

177 1345 231 1402 per
242 1333 412 1402 praesentes
425 1325 598 1384 mandamus
610 1325 706 1388 eidem
718 1327 852 1400 solutori,
866 1339 897 1385 ut
913 1345 944 1386 se
960 1327 1044 1388 sistat
1057 1337 1125 1387 ante
1142 1347 1210 1406 pre-

175 1425 287 1486 dietum
300 1426 483 1503 provisorem
498 1439 526 1486 et
541 1427 677 1486 ostendat
693 1427 822 1487 rationes
834 1428 880 1486 sui
894 1429 1007 1507 accepti
1019 1439 1048 1488 et
1059 1429 1209 1490 distributi

120 1537 153 1586 to
175 1539 319 1588 eteorum
332 1527 997 1608 scriptorumoriginalium,quaebabueritad
1013 1549 1046 1590 ea
1061 1532 1210 1608 pertinen-

176 1632 260 1703 tium,
282 1630 458 1708 intersitqoe
475 1631 642 1709 praedictae
656 1631 856 1691 aestimationi
876 1643 904 1690 et
923 1631 1113 1708 liquidationi
1134 1644 1209 1694 tern-

176 1751 247 1809 pore
259 1743 288 1791 et
301 1731 382 1791 boris
392 1732 430 1791 ad
442 1732 513 1792 iilud
525 1730 580 1791 sibi
591 1733 778 1812 praescriptis
790 1731 901 1807 absque
915 1728 974 1792 uilo
986 1732 1209 1808 defectuQuod

173 1832 260 1892 etiam
273 1831 456 1910 injungimus
471 1832 567 1892 eidem
581 1834 736 1911 provisori,
747 1845 778 1892 ut
790 1845 956 1910 exequatur
969 1853 1035 1894 eum
1048 1837 1128 1894 omni
1144 1837 1208 1898 bre·

172 1935 263 1994 vitate
282 1945 311 1993 et
334 1933 483 2013 diligentia
508 1934 648 2014 possibili.
674 1935 747 1994 item
767 1934 951 2015 injungimus
966 1934 1206 2015 Aipironsiodia-

118 2050 153 2102 att
175 2035 272 2095 medio
293 2035 441 2112 quaestori
461 2034 600 2110 stipendii
624 2035 771 2110 militaris,
791 2035 902 2096 reserat
922 2036 1047 2098 eandem
1070 2039 1207 2097 aestima·

174 2139 283 2196 tionem
310 2136 339 2194 in
365 2136 456 2195 libros
481 2135 621 2213 stipendii
647 2135 702 2195 sibi
729 2137 878 2197 commissi
903 2137 1079 2214 adieratque
1105 2157 1207 2198 ornnes

174 2241 302 2300 rationes
322 2257 425 2298 aarum
449 2257 644 2313 summarum,
663 2258 740 2315 quae
763 2238 799 2297 ab
822 2239 888 2317 ipso
912 2248 1062 2316 petentur,
1084 2241 1120 2299 ad
1142 2260 1206 2300 eam

171 2343 405 2402 aestimationem
419 2341 633 2419 pertinentium
648 2360 702 2420 per
716 2339 898 2420 praedictum
914 2343 1077 2404 solutorem
1090 2343 1134 2404 ab.
1146 2363 1206 2421 quc

174 2443 233 2503 ulio
256 2443 469 2521 impedimento
498 2451 549 2502 eut
576 2434 732 2503 ditatione(
753 2443 914 2523 Gregorius
942 2445 1101 2523 Aragutius
1127 2445 1206 2508 idern

118 2557 149 2608 20
174 2547 270 2614 incito,
286 2545 365 2622 apud
385 2564 474 2621 quem
495 2553 565 2604 sunt
583 2545 722 2606 officiales
747 2546 913 2621 quaestoris
935 2546 1142 2624 Cbristopbori
1170 2547 1206 2606 de

172 2647 350 2707 Casteiianos
364 2641 542 2718 deiunctiet
558 2645 656 2704 neutri
668 2645 754 2704 aliter
768 2645 887 2706 faciatis.
900 2648 1206 2726 Datumdntwerpiae

169 2767 231 2808 auu
246 2747 423 2826 septembris
439 2747 508 2806 anni
526 2748 666 2805 LXXiiii.

212 2849 356 2909 Dominus
381 2847 545 2907 Lndovicus
560 2847 597 2906 de
613 2849 795 2924 Requescns.

211 2949 254 3010 dd
267 2949 383 3027 jussum
396 2950 471 3008 Suae
484 2948 679 3008 Exceiientiac
698 2950 841 3008 Dominus
857 2948 893 3008 de
909 2949 1025 3013 Garalo.
