3134 4926
782 449 910 548 (60)

205 667 265 732 utot
278 668 314 717 at.
353 653 364 728 fl
380 653 525 731 usquead
541 651 725 733 praedictum
741 671 798 712 xxa
811 651 925 711 decetn-

340 753 410 814 bnis.
434 755 550 815 inclusa
572 753 768 814 arrhaboniaa
798 755 922 832 pecunia

338 865 367 913 et
383 855 506 933 pecunia
529 855 565 914 ad
587 854 718 914 raditum
741 872 856 914 summa
881 863 923 914 to-

339 955 400 1015 tius
415 954 556 1034 stipendii
572 955 650 1015 itlius
663 955 718 1016 tun
731 954 849 1036 triginta
863 955 922 1016 duo

340 1055 421 1116 milla
442 1065 561 1116 centum
585 1057 687 1136 viginti
712 1068 771 1118 tras
793 1060 924 1118 coronati

341 1160 461 1240 triginta
472 1159 589 1235 stuieni,
600 1160 636 1219 ad
648 1161 732 1240 cujus
743 1161 921 1221 solutionem

343 1260 455 1340 accepit
476 1261 514 1322 ab
535 1259 639 1323 eodem
665 1262 797 1322 solutore
822 1263 924 1342 viginti

345 1377 405 1424 tres
420 1363 500 1425 milla
515 1363 658 1424 ducentos
675 1365 834 1444 nonaginta
852 1385 925 1442 qua·

346 1479 416 1526 tuor
450 1476 607 1525 coronatos
643 1484 750 1525 novam
786 1468 926 1537 satiatos,

346 1567 454 1646 reliqui
469 1579 535 1627 octo
550 1568 630 1628 mitta
643 1569 803 1649 octingenti
828 1570 929 1648 viginti

347 1687 454 1730 novem
470 1669 602 1729 coronati
615 1669 717 1750 viginti
730 1689 808 1730 unus
823 1670 929 1732 statari

348 1771 436 1832 soluti
449 1771 490 1831 itti
502 1781 571 1830 sunt
581 1773 715 1845 Bramae,
732 1785 877 1852 utsupra.
975 1778 1074 1836 astat
1089 1795 1149 1838 cor.
1164 1776 1183 1838 9
1198 1790 1232 1838 st.

388 1870 463 1932 Duci
480 1873 634 1934 Franciseo
655 1873 692 1934 de
714 1875 787 1934 Saxa
811 1894 865 1954 {aaa
879 1876 931 1935 sti·

350 1973 458 2054 pendia
469 1986 584 2055 septem
599 1976 756 2048 mensium,
771 1995 846 2054 quos
860 1978 933 2037 miti·

350 2077 422 2139 tavit
444 2077 474 2137 in
496 2078 599 2138 endem
614 2079 745 2140 exercitu
760 2098 828 2139 cnm
845 2099 931 2160 prae·

351 2180 430 2239 dieto
464 2179 594 2260 equitatu
624 2200 640 2240 a
670 2199 719 2240 xtv
752 2180 828 2258 junii
865 2183 934 2240 anni

353 2281 471 2340 taxvttt
489 2280 635 2359 usquead
650 2301 667 2341 x
682 2281 849 2342 decembris
862 2283 938 2342 inse·

354 2385 473 2464 quentis
495 2384 610 2444 incluso
634 2385 722 2444 unius
749 2386 858 2443 mensis
887 2385 936 2443 sti·

355 2484 464 2568 pendia
485 2485 519 2545 ad
544 2486 673 2545 raditum
689 2484 810 2545 domum
828 2497 941 2545 trecen-

356 2589 392 2648 tis
408 2578 575 2648 florenis‘in
590 2604 722 2646 mensem
740 2586 819 2645 mitta
835 2597 864 2645 et
875 2606 940 2664 sap·

355 2689 487 2769 tuaginta
509 2707 561 2748 sax
581 2689 715 2748 coronati
743 2688 862 2764 triginta
886 2706 936 2748 sax

355 2792 472 2852 stuieri.
987 2792 1063 2852 ¹076
1079 2810 1136 2851 cor.
1154 2795 1193 2853 56
1209 2804 1243 2852 st.

398 2893 569 2953 Ritmaistro
597 2892 687 2952 Paulo
713 2891 865 2965 anisero,
887 2894 939 2970 qni

360 2994 464 3054 habuit
484 2993 657 3054 mandatum
678 2992 762 3054 ducis
782 2993 886 3052 Albani
905 2994 941 3052 ad

359 3095 590 3156 conscribendos
621 3095 700 3154 milia
728 3095 852 3172 equites,
880 3096 943 3171 qui,

360 3216 427 3259 cum
451 3206 550 3277 postea
572 3215 632 3256 non
655 3209 755 3257 essent
777 3197 943 3266 necessarii,

360 3320 419 3362 non
438 3301 562 3361 suerunt
582 3298 695 3374 adsciti,
710 3298 770 3359 duo
785 3299 864 3358 mille
884 3313 943 3360 tne-

362 3401 439 3462 canti
447 3414 561 3481 septem
572 3399 706 3460 coronati
715 3400 817 3479 viginti
829 3409 943 3476 septeni

361 3503 478 3575 stuieri,
493 3503 543 3580 qni
563 3503 620 3562 iliis
639 3502 791 3563 distributi
812 3502 945 3574 inerunt,

364 3615 397 3665 ut
410 3606 452 3666 aia
467 3603 625 3666 satisfieret
637 3622 672 3663 ex
688 3603 800 3682 majora
814 3603 946 3663 fortassis

364 3719 500 3786 sumptu,
530 3725 620 3785 quem
652 3708 817 3784 potuissent
841 3705 947 3766 obten-

367 3809 437 3870 dat-a
457 3809 598 3869 adversus
619 3806 739 3887 Regiam
759 3807 938 3868 Maiestatem
993 3806 1071 3868 *250⁷
1087 3824 1145 3866 aar.
1163 3805 1200 3864 st
1216 3815 1252 3864 st.
