3134 4926
785 409 937 507 (too)

378 610 449 668 ltem
462 609 536 666 alius
552 608 709 668 fascienlus
724 621 756 667 n⁰
770 611 808 670 ot
824 610 919 669 ronti·
1007 639 1009 644 v

336 729 410 769 nens
432 710 533 768 decem
559 713 666 787 scripta
691 711 844 770 solutionis
867 731 921 789 pro

336 811 476 889 expensis
490 820 519 868 et
535 811 690 890 stipendiis
707 811 787 871 lactis
802 813 839 871 ab
853 813 919 872 allt-

333 913 921 989 eialibusejusdemsolutorissnoaomi-

336 1033 373 1075 ne
388 1014 484 1074 missis
500 1014 535 1073 atl
551 1014 697 1092 stipendia
714 1016 849 1075 militaria
862 1017 921 1076 sol·

335 1116 445 1189 venda3
459 1134 574 1174 summa
589 1127 649 1175 est:
959 1118 1038 1177 7845
1054 1135 1115 1180 cor.
1129 1117 1169 1177 56
1183 1125 1218 1175 st.

376 1217 449 1276 ltem
464 1216 538 1275 alius
554 1215 709 1276 fascienlus
726 1228 757 1276 η’
769 1219 808 1276 66
823 1219 917 1276 eonti-

335 1339 409 1381 tteos
445 1320 595 1398 sexaginta
628 1320 688 1379 dno
722 1319 917 1398 eltirogroplra

332 1421 489 1480 solutionis
502 1439 603 1479 rerum
619 1432 798 1481 secretarum
813 1423 916 1501 Regiae

331 1520 713 1592 llaiestatis;su1nmaest:
963 1524 1059 1584 18166
1074 1542 1134 1583 eor.
1148 1524 1187 1583 stt
1202 1522 1337 1584 stllob.
1390 1535 1420 1582 to

372 1623 445 1681 ltetn
460 1620 535 1681 alius
552 1621 708 1682 fasciculus
724 1633 755 1680 n⁰
770 1625 808 1682 ot
824 1625 915 1683 corati-

330 1730 404 1784 nens
434 1721 589 1784 duodecim
620 1723 728 1802 scripta
762 1721 918 1784 solutionis

331 1826 524 1907 peculiarium
559 1845 754 1906 personarum
784 1846 838 1906 pro
868 1827 914 1886 tti-

329 1929 451 1990 neribus
471 1928 615 2003 susceptis
631 1929 753 1987 Romam
769 1929 799 1987 in
813 1928 916 2006 llispa·

329 2030 407 2090 nimn
424 2029 498 2089 etin
518 2029 589 2087 alias
609 2029 744 2104 regiones
764 2027 800 2087 atl
819 2029 911 2089 servi·

331 2133 403 2190 tium
415 2131 522 2207 Regiae
535 2130 709 2199 lllaicstatis;
721 2148 835 2188 summa
851 2140 916 2190 est:
958 2131 1038 2190 stet
1052 2148 1111 2189 eor.
1128 2133 1167 2190 at
1183 2138 1219 2190 st.

370 2233 443 2289 ltem
458 2229 532 2288 alios
548 2229 702 2288 lttscieulus
719 2241 750 2288 n⁰
766 2233 803 2290 o8
819 2230 913 2290 eonti-

331 2350 404 2391 nens
443 2342 563 2389 eentum
605 2331 817 2409 quinquaginta
860 2332 913 2391 tria

330 2431 437 2509 scripta
450 2431 606 2491 solutionis
618 2431 913 2491 leonardiTltarsen·

330 2535 368 2592 sis
395 2531 536 2609 praelecti
558 2551 714 2592 cursorum
736 2542 766 2591 et
787 2532 912 2592 aliarnm

332 2654 526 2714 personarum
544 2637 572 2696 ia
593 2635 750 2695 itineribus
769 2636 914 2711 susceptis

330 2739 359 2798 in
373 2737 526 2798 servitium
540 2737 646 2817 Regiae
657 2738 914 2805 llaiestatiszstnn·

330 2860 377 2900 nra
392 2851 456 2899 est:
566 2916 569 2923 Ι
960 2838 1335 2899 flddltioor.‘2llst.7ob.

372 2945 445 3001 ltem
460 2941 534 3000 alios
549 2940 705 3000 fascienlus
720 2951 751 2997 n⁰
767 2943 804 3001 tto
821 2941 916 3000 ectiti-

332 3063 405 3104 troas
441 3042 568 3102 sedecim
608 3041 716 3120 scripta
759 3042 913 3102 solutionis

329 3143 518 3223 quorundum
554 3143 686 3203 rnilitum·
715 3162 768 3221 pro
801 3144 914 3204 vexillis

329 3245 407 3305 ltosti
429 3245 553 3322 ercptis;
570 3261 684 3302 summa
705 3253 750 3303 est
772 3263 780 3303 :
951 3245 1010 3304 nto
1026 3263 1084 3304 cor.
1102 3247 1140 3305 ld
1156 3257 1192 3305 st,

370 3351 442 3408 ltetn
458 3349 531 3405 salins
552 3346 705 3405 laseicnlns
721 3357 752 3405 n⁰
767 3349 807 3407 70
822 3347 914 3405 eonti-

328 3471 401 3512 nens
418 3452 477 3510 dno
492 3449 600 3528 scripta
618 3451 812 3529 teeogtritoria
833 3450 913 3509 solu·

329 3556 416 3614 tionis
438 3571 492 3628 pro
514 3551 614 3610 charta
637 3563 665 3610 et
688 3559 852 3612 atramento
868 3551 913 3611 ln·

326 3657 471 3734 spectoris
483 3664 512 3713 et
524 3661 715 3728 quaestorum
727 3664 755 3712 et
764 3653 913 3726 solutoris,

327 3775 402 3833 tpnae
418 3758 449 3815 ll.
466 3759 500 3815 ll.
519 3755 573 3814 illis
595 3754 714 3814 exltibet
739 3753 776 3813 atl
802 3754 914 3813 exerci-

329 3858 401 3915 tium
428 3875 552 3916 soorutn
574 3857 750 3926 officiorum,
776 3854 913 3914 videlicet

327 3958 485 4036 inspectori
503 3977 596 4036 nsque
619 3959 653 4018 ad
678 3954 810 4016 ultimam
829 3956 908 4033 jonii
