3118 4908
625 461 753 559 (⁴5)

163 661 234 719 nnni
243 659 345 719 uxvu
356 670 384 718 ei
397 659 594 721 iuitsolninm
604 681 640 720 ex
653 661 748 740 primo

165 759 289 840 noeunin
309 768 340 820 et
359 760 448 839 primi
467 762 578 822 mensis
599 761 748 841 stipendio

165 880 260 940 usque
274 859 312 920 nd
326 880 396 921 xxm
408 860 474 939 julii
490 862 676 940 insequentis
696 882 750 940 per

164 961 379 1042 Hieronymum
408 962 556 1023 Curielem
586 973 616 1023 ot
646 975 747 1042 poslon

120 1081 135 1128 o
163 1064 328 1143 peripsum
343 1075 374 1124 et
387 1073 576 1142 quaestorem
598 1064 745 1144 usquead

161 1164 251 1237 diem,
272 1183 332 1243 quo
353 1165 409 1225 suit
424 1165 626 1240 omnndnium,
647 1165 748 1227 addito

161 1267 595 1348 dimidiiruensissrinondiond
605 1269 745 1345 reditum,

161 1367 297 1431 videlieet
307 1380 437 1448 quatuor
452 1370 560 1430 turmis
572 1389 629 1430 xxu
646 1371 743 1430 murrii

161 1471 211 1531 nni
247 1490 277 1532 rx
308 1470 411 1551 aprilis
449 1471 545 1532 vribus
578 1491 637 1534 xxu
667 1473 745 1551 junii

102 1583 132 1632 ro
159 1572 277 1634 duobus
296 1593 313 1633 x
334 1573 507 1634 novembris
527 1575 578 1633 uni
599 1585 631 1634 et
649 1574 746 1635 officio

159 1675 305 1757 eoroneiis
314 1674 448 1754 ejusdem
457 1674 574 1736 comilis
585 1695 656 1737 xvm
668 1676 746 1755 ejus·

157 1777 225 1837 dem
241 1777 411 1838 novembris
426 1778 496 1838 nuni
509 1779 596 1852 LXX3
608 1798 651 1853 en,
667 1798 743 1857 quoe

157 1877 193 1938 nd
218 1878 435 1939 duodenarium
462 1897 626 1940 numerum
649 1880 743 1954 deest,

158 1978 326 2040 introducto
362 1979 419 2041 fuir
456 1980 658 2060 Anlwerpiue‚
692 1980 744 2042 ubi

97 2078 253 2146 noviduno
286 2083 355 2161 ogit,
391 2081 540 2160 persolnu
577 2100 672 2160 usque
704 2082 742 2142 ud

155 2185 381 2262 xxvrujnnunrii
395 2184 466 2245 enni
482 2186 569 2245 uxix
584 2187 737 2264 eioeeonit

155 2287 191 2347 ad
210 2305 278 2346 suns
300 2287 429 2348 miionos
452 2296 512 2347 tum
535 2287 572 2348 do
594 2306 639 2361 eo,
659 2288 741 2365 quod

155 2388 298 2449 hactenus
311 2388 421 2448 meruit
432 2405 521 2464 quum
534 2386 564 2448 in
583 2400 736 2468 posterum

154 2500 198 2550 est
218 2490 373 2563 merirum,
397 2488 537 2550 undeeinr
561 2490 643 2550 ruilie
666 2509 737 2569 qun·

93 2601 130 2652 20·
153 2590 327 2669 dringentos
348 2590 627 2669 nonagintn'unum
653 2608 737 2650 coro·

152 2703 237 2752 unios
250 2700 281 2751 ot
301 2709 395 2752 unum
418 2691 568 2752 seniorum
588 2691 618 2753 in
640 2690 738 2752 subsi-

152 2791 245 2853 diurn.
265 2793 407 2853 Universn
430 2811 545 2854 summe
567 2793 643 2871 ejus,
657 2796 736 2871 queri

74 2890 77 2896 ’
154 2894 321 2974 praedictus
335 2905 475 2971 quaestor
487 2893 657 2954 numeravit
669 2893 738 2955 huie

152 2996 330 3078 regimento,
355 3006 400 3056 est
429 2997 560 3057 sexennii
586 2996 738 3078 sexaginta

90 3107 124 3155 2⁵
152 3097 736 3176 vreoruiHeducentiquadruginlnunus
881 3165 886 3169 ,

150 3201 281 3262 eorounvi
296 3199 424 3262 sederim
445 3197 551 3260 seniori
571 3198 632 3259 duo
645 3199 734 3260 oboli.
778 3201 894 3260 6652ss
913 3219 975 3260 eor.
993 3203 1030 3262 16
1044 3214 1081 3260 st.
1100 3202 1194 3262 iob.-

190 3303 364 3383 liegimento
389 3302 505 3362 comitis
528 3301 656 3381 Philippi
680 3303 737 3364 lie·
1225 3323 1263 3370 ror.
1279 3322 1314 3372 re

149 3403 300 3466 versicinii
315 3414 345 3466 et
362 3403 483 3464 Comitis
501 3403 620 3464 Ouonis
639 3403 733 3484 ipsius
783 3467 785 3471 ,

148 3505 259 3581 fratris,
274 3505 326 3584 qui
341 3505 371 3565 in
384 3505 448 3584 ejus
460 3505 558 3565 loeunr
569 3515 615 3565 est
629 3503 736 3566 suiiee·

87 3616 121 3665 uo
148 3616 213 3680 tus,
237 3605 317 3684 qnod
341 3608 472 3666 constitit
498 3607 600 3666 doeens
626 3607 733 3668 turmis

146 3719 175 3768 er
201 3727 317 3769 merore
337 3705 449 3787 inrepit
468 3727 517 3767 xvi
538 3706 645 3784 aprilis,
662 3705 733 3767 unni

148 3810 263 3879 exvu,
278 3821 308 3871 ot
328 3810 375 3870 oui
397 3810 482 3870 seivit
503 3809 730 3870 Moikemonnus
820 3831 822 3836 ’

146 3911 312 3992 praefectus
345 3909 452 3970 aerarii
490 3910 584 3970 bellini
620 3909 729 3970 horum

145 4023 275 4076 statuum
298 4032 393 4092 usque
414 4010 451 4072 nd
474 4031 520 4071 xru
543 4009 623 4089 junii
652 4013 733 4070 inse·

143 4115 264 4196 quentis
276 4125 377 4196 posteo
388 4132 460 4174 vero
473 4110 642 4193 virnedietus
653 4112 731 4173 solu·
