3134 4926
613 455 740 550 (09)

168 651 199 710 in
215 670 348 712 mensem
364 652 489 712 trecenti
500 662 528 713 et
540 665 653 731 septem
667 673 751 714 eoro-

170 753 230 813 nati
244 754 345 814 decem
361 767 391 814 et
406 773 512 816 novem
531 757 637 817 stuieri
658 769 687 817 et
701 777 751 818 sex

168 855 294 916 nummi.
682 883 685 886 ·
796 861 854 919 507
871 879 932 918 cor.
953 861 987 918 to
1003 873 1037 918 st.
1053 861 1072 917 d
1089 860 1136 917 ob.

209 959 438 1034 ltaquesumma
451 959 753 1018 baruinsumnrerum

128 1085 144 1132 5
169 1066 213 1117 est
227 1077 334 1118 novem
355 1061 436 1120 mitte
453 1061 633 1139 septingenti
653 1070 754 1121 octua-

168 1159 249 1238 ginta
265 1170 331 1219 octo
346 1158 477 1220 coronati
491 1162 618 1220 sedecim
637 1161 755 1223 stuieri.

172 1433 265 1492 Poeta
290 1431 529 1508 permutationes
557 1444 582 1492 et
608 1431 755 1512 fineretur.

213 1609 343 1668 Diversis
359 1610 572 1670 mercatoribus
589 1630 642 1690 pro
664 1613 755 1690 pactis

172 1711 440 1789 permutationibus
469 1723 498 1771 et
527 1711 650 1773 stanneis
685 1733 752 1773 enin

114 1833 146 1880 40
171 1811 280 1877 eisdem
310 1811 393 1872 iactis
421 1833 436 1871 a
467 1815 546 1872 Duce
574 1814 689 1873 Albano
715 1817 750 1873 ad

173 1915 300 1973 rationes
322 1915 428 1992 Regiae
454 1915 611 1974 Maiestatis
637 1922 665 1974 et
691 1916 755 1976 aiiis

174 2015 301 2091 negociis
335 2015 372 2074 ad
409 2015 520 2093 regium
551 2018 752 2076 commodum

174 2115 392 2193 pertinentibus
425 2117 455 2174 in
491 2117 610 2194 triginta
649 2135 755 2177 iterem

173 2218 308 2290 summis,
324 2236 399 2294 quac
414 2227 605 2295 sequuntur:

118 2343 147 2390 ¹5
214 2319 257 2400 [i]
278 2319 424 2380 'sbornasn
456 2321 555 2380 Fieseo
582 2321 690 2382 tacebo
720 2323 757 2380 de

172 2420 313 2480 Cbavarri
329 2423 417 2480 Petro
431 2422 573 2500 Spinuiae
597 2443 637 2482 nn
663 2423 760 2482 triartii

173 2523 243 2582 anni
263 2523 376 2581 txvnt
392 2523 578 2601 septuaginta
593 2537 658 2584 octa
682 2525 761 2583 mitte

173 2624 354 2703 septingenti
376 2623 593 2702 quinquaginta
609 2643 658 2683 sex
676 2643 761 2683 caro-

175 2725 234 2784 nati
250 2724 354 2801 viginti
372 2722 490 2784 stnieri.
806 2724 905 2783 78756
920 2743 980 2782 cnr.
997 2729 1036 2785 ‘20
1051 2733 1086 2784 st..

119 2844 149 2891 aa
214 2823 262 2906 [2]
284 2825 429 2903 Baptistae
463 2825 612 2886 Lametino
640 2845 676 2886 xi
710 2845 763 2885 no-

175 2926 306 2986 vembris
334 2925 467 3004 ejusdem
497 2927 568 2985 anni
599 2926 759 3004 nonaginta

174 3026 235 3086 duo
252 3027 331 3086 mille
348 3027 471 3087 trecenti
493 3037 607 3105 septem
630 3026 763 3086 coronati

175 3129 279 3208 viginti
294 3140 409 3206 septem
425 3127 540 3187 stuieri.
808 3131 905 3189 nasot
922 3149 981 3189 eor.
998 3131 1037 3190 bi
1051 3139 1086 3189 st.

214 3228 262 3311 [5]
281 3229 428 3289 Thomasc
443 3231 541 3290 Fiesco
556 3250 574 3290 x
596 3229 765 3290 decembris

123 3348 152 3395 25
176 3331 310 3410 ejusdem
327 3333 398 3389 anni
413 3331 562 3410 sexaginta
577 3349 670 3390 unum
685 3332 765 3389 mitte

176 3432 339 3511 octingenti
355 3433 515 3510 nonaginta
531 3442 660 3509 quatuor
674 3452 760 3492 coro·

129 3580 147 3616 z·
178 3535 239 3594 nati
254 3546 383 3612 quatuor
398 3533 511 3594 stui'eri.
805 3535 1066 3597 dissecantes.

220 3633 261 3718 [d]
283 3637 385 3696 Eidem
418 3637 573 3714 'Baptistae
614 3635 765 3696 Lametino

180 3758 234 3818 per
245 3736 477 3816 chirographum
490 3737 597 3823 Regiae
610 3739 767 3796 Maiestatis

126 3859 155 3908 30
179 3839 331 3919 sexaginta
344 3839 470 3898 millium
482 3851 691 3899 coronatorum
702 3857 785 3917 sep-¹

182 3942 313 4021 tnaginta
335 3941 465 4002 duorum
487 3960 670 4020 grossorum,
690 3959 766 4022 quos

177 4046 264 4122 jubet
291 4044 347 4124 ipsi
376 4043 440 4104 dari
468 4045 504 4102 ad
533 4043 664 4104 rationes
693 4042 768 4121 ejus,
