3118 4908
821 431 851 519 ΙΙ(
880 422 968 520 tt)

379 621 488 700 quilms
501 622 630 694 luerent,
645 639 773 700 quorum
787 624 874 683 etiam
888 624 964 684 saln-

378 721 490 781 tionem
499 721 628 801 suscepit
639 721 668 781 in
680 739 711 782 se
723 721 810 799 Regia
819 721 962 796 Maiestas,

377 822 559 883 satisfactum
575 841 610 884 ex
623 823 739 904 integro
756 834 800 884 rst
812 823 881 882 huie
893 826 967 902 regi·

378 935 488 987 mento,

317 1054 320 1061 ·
416 1027 625 1104 Regimentnm
654 1026 771 1086 semitis
800 1026 962 1107 Arenbergi
993 1063 998 1070 ·

375 1125 538 1187 cidamini
563 1127 724 1198 Grosbeelt‚
752 1129 803 1205 qrti
830 1126 860 1187 in
884 1127 961 1188 illius

374 1226 471 1287 laeum
483 1227 741 1300 suecessit,habuit
754 1229 888 1306 qtrinqae
902 1238 962 1287 tur·

374 1347 447 1390 mas.
474 1309 591 1406 lneepil
607 1347 728 1388 merere·
741 1348 769 1389 itt
792 1329 958 1389 decembris

372 1431 444 1491 anni
475 1431 576 1502 LXVL
605 1431 736 1490 solutam
768 1432 808 1491 illi
837 1431 889 1490 luit
922 1431 958 1490 ab

372 1533 476 1592 eodem
496 1531 705 1592 llolltemanne
726 1552 820 1610 usqne
836 1534 871 1593 ml
887 1552 956 1594 xtra

367 1633 444 1712 junii
481 1637 551 1693 anni
581 1634 683 1692 nxvtt
719 1646 748 1693 et
784 1621 884 1710 postea
921 1633 957 1694 ab

369 1735 474 1796 eadem
489 1735 620 1796 solatore
635 1754 670 1795 ex
683 1737 798 1816 integra
812 1736 955 1813 usquead

368 1825 457 1898 imvm
483 1837 585 1916 aprilis
605 1836 676 1897 anni
702 1837 795 1909 llllX,
817 1853 876 1913 qno
899 1836 955 1896 luit

368 1950 610 2014 erattetoratnm3
630 1957 745 1998 samma
768 1947 812 1998 est
833 1949 953 1998 eentum

367 2039 426 2100 duo
439 2040 518 2099 mille
530 2040 657 2099 sexcenti
671 2039 790 2118 triginta
803 2039 862 2098 dna
872 2058 954 2100 eore-

366 2142 427 2201 nati
443 2141 546 2220 viginti
561 2159 612 2201 sex
628 2141 741 2201 sttrleri.

405 2242 507 2301 Trium
521 2251 689 2301 turmarum
702 2241 808 2300 milites
817 2242 949 2319 ejusdem

364 2344 520 2423 tegimenti
541 2343 657 2403 comitis
674 2343 837 2422 Arenbergi
861 2344 952 2403 inter-

364 2455 509 2524 ceperunt
525 2446 691 2524 pecuniam,
712 2463 801 2521 qnam
820 2447 948 2522 loannes

362 2546 514 2608 Alberieus
531 2546 663 2608 officialis
684 2545 817 2624 ejusdem
838 2549 949 2628 solato-

362 2649 404 2710 ris
424 2649 577 2710 deserebat
599 2649 788 2708 Devenlriam
808 2648 845 2724 ad
867 2651 949 2709 sela·

361 2753 470 2816 tionem
493 2753 626 2832 ejusdem
650 2752 805 2830 tegimenti
825 2765 854 2810 et
874 2750 945 2812 elia-

360 2873 427 2914 rum
463 2854 604 2924 militnm,
635 2852 686 2930 (μή
721 2851 760 2912 ibi
795 2862 880 2912 erant
916 2855 944 2912 in

360 2955 521 3034 praesidioj
546 2973 661 3014 summa
684 2964 746 3013 erat
770 2954 849 3044 mille
874 2973 949 3030 tana--

358 3057 508 3136 dringenti
525 3069 553 3116 et
568 3054 738 3132 quindecim
761 3055 891 3114 eoronnti
912 3067 941 3113 et

356 3159 526 3238 quindecim
550 3156 668 3229 stelen,
696 3165 785 3233 prout
810 3159 942 3232 eeirstitit

356 3258 523 3319 testimonio
538 3268 567 3316 et
578 3254 939 3334 quaestionibusnutlren·

355 3359 419 3422 licis
434 3381 467 3419 ea
483 3359 518 3418 tle
535 3379 566 3419 re
582 3357 700 3432 habitis,
712 3357 797 3434 eujus
808 3339 940 3416 summae

1004 927 1125 987 errent
1141 944 1202 987 car.
1219 929 1257 991 ll
1272 940 1306 990 st.

993 2142 1112 2203 rassae
1130 2161 1191 2204 aa.
1206 2145 1245 2205 sa
1260 2110 1305 2204 a(

354 3461 536 3523 satisfactum
547 3468 593 3552 est
609 3459 715 3538 Regiae
731 3460 874 3518 Maiestati
891 3457 940 3518 ‹te-
985 3545 986 3548 Ἴ

354 3566 459 3626 ductae
479 3563 621 3624 nimirum
642 3562 672 3622 in
688 3561 815 3640 duplum
837 3581 872 3621 ex
888 3563 939 3622 sti·

354 3666 463 3744 pendia
489 3665 652 3726 eorundem
683 3663 810 3723 militum
838 3651 938 3723 adtrita
990 3700 991 3704 =

353 3768 478 3845 insuper
489 3766 652 3827 earundem
663 3765 753 3825 trium
769 3775 934 3824 turmarum

352 3867 499 3952 stipendio
511 3866 725 3946 sesquimestri,
733 3883 793 3942 qno
805 3864 935 3923 damnati

351 3984 421 4032 suat
450 3980 566 4049 praeter
591 3968 773 4054 corporalem
800 3983 935 4044 poenam,

351 4091 440 4151 qaam
457 4071 591 4131 nonnulli
608 4089 644 4129 ex
663 4069 773 4128 eisdem
794 4063 936 4125 militibus
955 4091 958 4098 r
