3134 4926
815 411 938 507 (80)

368 609 473 688 viginti
492 607 607 681 statari,
622 606 759 668 videlieet
774 609 876 687 viginti
892 610 951 670 duo

368 709 447 769 mille
468 718 588 769 centum
611 709 762 786 sexaginta
780 729 857 770 nnus
873 730 954 770 enro-

366 810 427 871 nati
442 823 472 872 et
487 811 590 890 viginti
606 811 665 871 dno
682 813 786 871 stut'eri
809 812 953 875 Gauthiro

365 915 404 973 du
418 913 560 973 Chasteau
573 913 720 991 receptori
736 914 879 991 pecuniae
896 917 951 975 vie·

366 1025 413 1074 tus
439 1016 468 1073 in
497 1014 541 1073 his
565 1013 690 1074 statibus
715 1015 794 1074 mille
819 1019 950 1076 coronati

365 1115 564 1175 commissario
591 1117 677 1174 Petro
702 1099 867 1193 Mangnnie
896 1123 955 1178 duo

366 1218 446 1277 mitte
484 1217 677 1296 quadraginta
721 1217 780 1276 dno
822 1222 954 1278 coronati

366 1317 485 1397 triginta
519 1328 646 1396 septem·
665 1317 770 1377 stuieri
807 1328 953 1380 restantes

364 1419 567 1481 commissario
582 1420 687 1479 loanni
704 1419 852 1497 Cornelio.
991 1423 1091 1483 05000
1107 1441 1167 1482 aer.
1183 1426 1223 1484 20
1238 1434 1273 1484 st.

405 1521 523 1580 Nicolao
548 1539 602 1580 vnn
630 1518 696 1578 darn
728 1522 820 1597 Berge
849 1522 955 1579 aerarii

366 1623 534 1702 praeposito
557 1621 685 1681 fabricae
708 1622 790 1682 urbis
813 1626 949 1682 Antwer-

366 1725 470 1804 pinnae
484 1735 604 1784 centurn
621 1723 724 1800 viginti
741 1734 856 1801 septam
875 1725 953 1784 mitte

363 1826 517 1905 quingenti
561 1824 681 1904 triginta
717 1835 782 1885 octo
819 1831 950 1886 coronati

361 1930 464 1988 decem
481 1938 510 1986 et
524 1937 590 1986 octo
605 1927 721 1988 statari.
993 1929 1106 1990 107558
1123 1948 1182 1989 eor.
1202 1933 1238 1990 ta
1254 1942 1290 1989 st.

403 2028 530 2088 Gabrieti
561 2029 690 2088 Olivario
718 2028 755 2087 ad
784 2027 949 2088 aedificium

360 2131 469 2190 artium
493 2129 648 2190 Veldensis
669 2143 699 2188 et
722 2130 889 2190 Fisteiensis
918 2133 947 2189 in

362 2233 451 2292 Frisia
469 2243 528 2290 tres
544 2232 624 2290 mille
638 2231 781 2291 coronati.
870 2273 875 2281 -
988 2233 1069 2292 5000
1084 2251 1143 2292 eor.

403 2332 557 2391 Franciseo
576 2332 689 2390 Albane
709 2331 820 2390 aratori
843 2333 950 2410 Regiae

362 2433 518 2493 Maiestatis
534 2433 563 2490 in
579 2432 668 2491 Gallia
690 2432 726 2490 ad
749 2433 880 2491 rationes
895 2433 948 2492 sti-

360 2533 461 2612 pendii
477 2533 532 2612 ipsi
545 2532 635 2592 debiti
647 2533 684 2592 ab
698 2533 743 2592 tris
755 2533 880 2592 statibus
893 2553 946 2612 pro

360 2635 463 2698 endem
483 2635 578 2695 officie
601 2635 659 2695 duo
682 2635 762 2718 mitte
782 2636 944 2714 octingenti

360 2741 463 2821 viginti
478 2743 610 2800 coronati
626 2740 729 2818 viginti
746 2739 862 2800 statari.
979 2741 1058 2800 0800
1072 2761 1133 2802 eor.
1148 2745 1188 2803 00
1204 2751 1240 2802 st.

401 2841 516 2900 Guerao
554 2841 656 2918 Spesio
694 2841 806 2900 oratori
834 2842 946 2920 Regiae

360 2940 517 3001 Maiestatis
536 2942 565 3000 in
580 2941 715 3020 angliam
740 2941 854 3002 remissi
877 2955 948 3024 arunt

361 3043 526 3109 tendinum
547 3044 652 3101 adres
674 3043 702 3100 in
724 3042 827 3102 eodem
849 3043 945 3103 afficio

358 3152 533 3206 occurentes
544 3144 645 3202 decem
659 3154 687 3203 et
699 3154 764 3203 neto
777 3145 947 3204 initteaaro·

359 3247 419 3305 nati
435 3245 627 3324 qnadraginta
644 3244 826 3304 staterarurn
843 3255 872 3304 et
887 3255 945 3305 tre·

358 3355 442 3406 centa
458 3347 577 3424 triginta
594 3357 659 3406 octo
676 3345 774 3424 pondo
795 3345 895 3405 decena
914 3356 945 3406 et

357 3468 408 3508 sex
428 3447 513 3507 solidi
529 3465 579 3507 sex
593 3448 707 3506 nummi
729 3458 865 3506 monetae
883 3451 941 3506 An·

356 3549 495 3626 gtieanae,
511 3567 547 3608 ex
567 3567 623 3624 qna
644 3548 767 3627 pantania
786 3548 845 3606 dan
863 3547 943 3607 mitia

355 3651 487 3709 coronati
504 3648 603 3708 traditi
619 3661 688 3708 sant
701 3649 794 3709 Cerva
810 3650 942 3708 Beliuteo

355 3750 391 3808 ad
409 3749 648 3809 distribuendum
671 3769 706 3809 ex
727 3751 833 3810 ordine
857 3769 942 3829 prae-

354 3851 425 3910 dicti
434 3851 559 3910 oratoris
571 3870 638 3909 eum
648 3852 790 3912 interesse
802 3869 942 3910 rasurae
1003 3839 1005 3844 ’

355 3952 453 4012 totius.
481 3951 615 4010 Effiaiunt
643 3951 747 4030 viginti
773 3953 832 4012 duo
860 3952 938 4011 mille
