3134 4926
777 432 904 528 (tl)

330 627 581 707 gubernatoribus
596 631 759 708 capitaneis
772 643 802 692 ct
819 633 914 694 tribus

331 728 462 790 millibus
486 731 620 808 quinque
640 732 785 792 militibus
806 748 918 794 verera-

331 830 378 890 nis
393 841 511 908 praeter
534 832 698 909 praedictos
713 832 744 893 in
761 836 914 913 praesidiis

331 931 448 991 relictos
460 932 579 1012 triginta
593 943 652 994 tres
665 935 745 995 mille
758 945 913 997 sexcentos

330 1035 481 1112 sexaginta
497 1047 625 1112 quatuor
643 1047 800 1097 coronatos
821 1058 914 1099 unum

330 1135 686 1214 stuierum,quapecunia
698 1140 805 1199 etaliis
817 1141 918 1216 viginti

332 1237 462 1298 millibus
504 1240 674 1319 quingentis
721 1240 915 1320 quadraginta

331 1338 449 1399 duobus
463 1342 610 1399 coronatis
624 1352 652 1400 et
663 1339 783 1401 duobus
795 1343 919 1404 staleris

332 1437 363 1498 in
380 1458 479 1518 panno
495 1440 552 1499 illis
566 1435 808 1520 eoncessis'apud
822 1442 920 1530 diver·

334 1559 381 1600 sos
404 1551 582 1600 mercatores
605 1543 693 1603 soluti
718 1543 841 1604 luerunt
865 1564 919 1622 pro

332 1641 466 1721 quinque
486 1643 645 1704 mensibus.
666 1645 753 1704 Dedit
769 1657 920 1723 praeterea

333 1743 492 1804 Wilhclmo
534 1745 570 1804 de
602 1746 717 1826 Gulpen
754 1749 918 1808 Castellauo

335 1846 548 1926 lemburgensi
559 1860 679 1907 eentum
698 1853 848 1930 sexaginta
867 1870 917 1909 no·

334 1966 400 2006 vem
436 1957 592 2008 coronatos
621 1949 722 2009 decem
752 1963 783 2011 et
812 1971 917 2011 novem

333 2050 461 2110 stuleros
476 2051 512 2110 ad
529 2070 597 2111 suas
612 2052 741 2113 rationes
758 2073 793 2113 ex
808 2054 919 2134 stipen-

333 2150 382 2212 dio
399 2151 487 2210 artius
502 2153 609 2212 mansis
623 2154 842 2234 quinquaginta
864 2155 918 2215 mi·

333 2253 418 2312 litum
434 2252 666 2326 ordinariorum,
681 2273 755 2331 quos
777 2256 869 2314 habel
886 2256 915 2313 iu

335 2352 481 2433 praesidio
509 2352 538 2411 ia
568 2353 670 2413 eadem
696 2373 771 2415 aree.
795 2357 917 2415 Summa

334 2455 495 2535 ejns‚quod
510 2454 677 2534 praedictus
688 2457 803 2515 solutor
815 2458 843 2516 in
859 2458 923 2516 arrii·

334 2576 454 2618 versum
468 2556 635 2617 numeravit
643 2557 801 2635 praedietis
813 2560 919 2636 praesi-

334 2659 390 2718 diis
419 2658 534 2717 ralione
559 2658 698 2736 superius
731 2656 807 2716 dicta
841 2678 922 2717 sexa-

334 2760 414 2840 ginta
432 2778 538 2818 novem
561 2759 640 2817 mille
660 2759 822 2836 octingenti
845 2778 917 2836 qua-

335 2862 469 2939 draginta
491 2879 541 2920 sex
564 2860 696 2919 coronati
720 2861 841 2938 triginta
859 2873 918 2920 tres

334 2964 450 3025 stuieri.
958 2965 1057 3024 69846
1073 2983 1133 3023 cor.
1149 2966 1186 3024 53
1202 2978 1227 3024 st
1253 2967 1294 3042 (l)

375 3066 484 3128 liudem
499 3082 579 3124 anno
590 3065 706 3123 LXVlll
719 3063 832 3124 collecti
849 3075 921 3124 sunt

334 3168 432 3229 adhue
452 3167 512 3227 duo
534 3166 612 3226 mille
633 3166 813 3246 septingenti
834 3166 920 3244 quin·

334 3270 472 3351 quaginta
485 3288 536 3328 sex
548 3268 663 3346 pedites
675 3269 811 3342 Valones,
824 3270 875 3346 qui
888 3269 917 3328 in

336 3370 489 3451 praesidiis
508 3379 606 3429 essent
623 3369 736 3430 areium
759 3379 788 3428 et
803 3371 920 3448 ingres·

373 3682 413 3750 (l)
436 3680 487 3734 Par
501 3679 822 3732 l'addiliondcssommes
834 3680 951 3748 quisont
971 3677 1189 3749 communiqudes
1209 3681 1276 3734 dans
1295 3687 1365 3734 cette

334 3778 421 3847 partie
440 3776 477 3829 du
497 3775 644 3828 manuscrit
663 3791 698 3828 on
720 3774 852 3828 n'obtient
869 3791 922 3844 quc
942 3775 1042 3838 sardo
1054 3792 1141 3829 coroa.
1155 3774 1265 3840 ddstuf.
1283 3777 1364 3832 Peut·
1389 3797 1419 3842 do

334 3871 392 3927 dtre
405 3871 491 3925 iant-il
507 3877 602 3924 mettre
612 3886 646 3923 au
658 3871 777 3940 premier
788 3871 882 3922 article
892 3871 928 3923 du
940 3878 1046 3940 corupte
1062 3896 1074 3920 ι
1085 3873 1207 3925 tredecim
1217 3875 1357 3926 emunctio

335 3986 369 4023 au
382 3969 435 4023 lieu
450 3968 484 4021 de
502 3973 576 4018 «tres
586 3967 703 4020 coronati
713 3986 738 4016 ι.
